3184 4916
343 1649 409 1746 Da
442 1683 651 1761 Euripidis
687 1687 871 1746 versibus
903 1687 1156 1762 logaoedicis
1188 1709 1279 1769 quae·

255 1784 383 1844 stionem
405 1787 562 1846 instituere
584 1789 615 1845 in
640 1789 738 1847 animo
754 1791 907 1864 habemus,
932 1810 1006 1868 quos
1029 1811 1198 1871 quanquam
1220 1793 1279 1852 iam

254 1887 502 1948 Weissenbornns
524 1890 722 1950 Sellrmannus
745 1892 911 1969 Geppertus
934 1894 1117 1953 Eritzschius
1132 1916 1279 1954 commen-

252 1990 415 2050 tationibus
438 1992 474 2050 de
495 1993 632 2052 versibus
655 1993 815 2072 Glyconais
837 1997 1012 2072 conscriptis
1027 1997 1127 2076 aliqua
1142 2006 1279 2074 exparte

252 2096 463 2167 tractaverunt,
489 2099 587 2154 tamen
611 2096 726 2156 collatis
749 2099 885 2156 omnibus
908 2098 1054 2174 exemplis
1075 2100 1278 2160 retractandos

251 2196 434 2271 putavimus,
468 2202 501 2256 ut
530 2204 643 2258 certum
675 2205 838 2259 strueretur
866 2199 1108 2275 fundamentum,
1138 2221 1197 2281 qno
1220 2202 1277 2261 nisi

250 2303 343 2358 totam
365 2318 427 2358 rem
457 2301 612 2376 complecti
644 2306 733 2381 atque
761 2301 922 2362 diiudicare
950 2323 1112 2379 possemus.
1155 2305 1279 2364 Accedit

250 2402 328 2481 quod
340 2402 398 2461 alia
413 2409 459 2463 est
472 2403 616 2462 hodierna
627 2405 785 2464 verborum
798 2405 947 2478 memorie,
964 2405 1022 2464 alia
1033 2425 1109 2485 quae
1125 2411 1187 2465 turn
1203 2413 1275 2467 arat.

335 2506 524 2582 Propositum
546 2506 639 2581 igitur
661 2507 748 2566 nobis
770 2513 816 2566 est
837 2527 941 2568 versus
963 2508 1165 2583 logaoedicos,
1189 2517 1277 2588 quot·

249 2612 322 2687 quot
337 2608 414 2684 apud
425 2609 595 2684 Euripidem
612 2609 760 2684 leguntur,
775 2610 993 2669 accuratissime
1004 2610 1144 2685 colligere
1160 2630 1275 2670 eorum·

249 2729 308 2788 que
339 2711 449 2770 formas
470 2729 504 2770 ac
526 2713 749 2786 responsionem
774 2712 939 2771 describere
962 2713 1010 2789 (cf.
1037 2713 1168 2771 tabulam
1190 2732 1277 2788 argu·

248 2812 369 2889 menti),
399 2812 575 2887 fragmentis
596 2813 756 2892 Rhenoque
779 2847 822 2858 --
844 2814 981 2893 quamvis
1006 2815 1082 2873 hanc
1104 2815 1235 2875 fabulam
1259 2836 1277 2874 a

246 2921 336 2993 poeta
373 2920 475 2975 nostro
508 2915 733 2976 abiudicandam
766 2935 937 2976 censeamus
971 2951 1010 2960 —
1041 2917 1148 2978 additis
1178 2937 1275 2998 neque

248 3019 388 3098 Aeschyli
409 3018 625 3098 Sophoclisque
646 3020 806 3094 tragoediis
829 3020 860 3078 in
883 3019 1070 3094 gravioribus
1093 3023 1180 3080 rebus
1202 3041 1274 3096 neg-

246 3123 340 3184 lectis.
370 3123 502 3181 Fabulae
524 3127 622 3182 autem
645 3127 762 3183 serrato
785 3122 927 3199 temporis
953 3123 1057 3183 ordine
1083 3129 1273 3183 enarrantur:

246 3226 381 3304 Cyclops,
403 3245 468 3285 cnm
491 3225 531 3285 sit
552 3225 653 3284 drama
674 3225 843 3303 satyricum,
866 3226 1000 3286 Alcestin
1023 3232 1173 3304 sequatur.

332 3329 415 3388 Artis
437 3347 626 3404 progressus,
657 3348 715 3407 quo
739 3333 827 3404 poeta
849 3349 919 3387 usus
942 3329 995 3402 sit,
1025 3335 1059 3387 ut
1080 3329 1168 3404 paulo
1190 3329 1273 3388 lucu·

245 3430 355 3490 lentius
377 3430 542 3490 illustretur
563 3438 653 3511 atque
674 3443 739 3489 uno
758 3431 841 3510 quasi
865 3432 1005 3507 adspectu
1020 3431 1115 3506 possit
1129 3431 1272 3506 intellegi,

245 3535 275 3591 in
308 3533 368 3590 fine
401 3532 609 3608 disputationis
639 3535 713 3592 duae
744 3533 947 3593 attribuuntur
977 3534 1111 3606 tabulae,
1146 3552 1270 3612 quarum

244 3636 342 3711 priore
365 3635 521 3709 indicatur,
553 3642 626 3717 quot
655 3638 738 3713 paria
768 3637 800 3694 in
823 3636 948 3712 singulis
972 3636 1082 3696 fabulis
1103 3636 1271 3712 responsio·

244 3759 311 3797 nem
334 3739 529 3813 servaverint,
553 3745 627 3818 quot
649 3738 823 3799 sustulerint
830 3760 838 3810 ;
868 3739 899 3797 in
923 3739 1017 3798 altera
1044 3738 1146 3797 tabula
1167 3757 1271 3798 versus

243 3841 332 3900 soluti
363 3849 555 3918 opponuntur
585 3862 645 3900 non
677 3841 791 3901 solutis.
835 3841 926 3901 Usum
957 3839 1109 3916 Euripidis
1139 3840 1269 3918 artisque

242 3963 430 4020 progressum
453 3944 478 4003 si
500 3944 543 4002 ita
557 3944 589 4002 in
604 3944 776 4004 universum
791 3943 928 4004 volumus
944 3943 1101 4019 explicare,
1125 3942 1189 4000 fieri
1208 3961 1269 4001 non

242 4066 328 4122 posse
351 4051 581 4106 consentaneum
604 4051 664 4120 est,
693 4047 764 4126 quin
795 4046 904 4106 indolis
934 4055 1023 4126 atqua
1047 4050 1169 4104 naturae
1192 4051 1268 4104 stro-

242 4150 367 4224 pharum
388 4150 464 4209 ratio
487 4151 639 4208 habeatnr.

1043 4255 1054 4310 l
