3184 4916
685 477 878 542 „9-

212 633 215 636 ¹
270 648 395 708 dimetro
418 647 516 708 ionioo
539 649 690 723 hebemus,
712 644 929 732 ,Lw1-rv‚
952 649 1004 730 qui
1026 649 1097 709 ordo
1121 649 1198 710 redit
1218 647 1245 709 1.
1264 648 1297 708 Τ.

275 751 352 811 1127
373 756 472 826 men,
496 754 520 812 1.
543 754 580 814 A.
605 753 676 826 799,
699 753 766 813 uro.
792 757 970 826 ιιοωιι,
994 756 1159 811 οιοωιο
1176 751 1214 828 1).

355 854 517 914 Veniemus
539 857 575 913 ed
599 874 648 914 ees
664 855 808 932 tripodies
823 855 1016 929 oetnleotioee,
1039 855 1147 936 quibus
1163 854 1297 932 dactylus

269 958 350 1018 inest
370 958 402 1016 in
425 958 494 1017 sede
517 959 653 1018 secunde.
699 959 864 1019 Gonuinem
886 959 1012 1018 formem
1035 959 1161 1035 legimus

354 1061 449 1138 Hipp.
480 1066 540 1121 530
558 1066 664 1122 0³40:
699 1053 767 1120 οὔτε
797 1053 853 1139 γάρ
884 1053 982 1140 πυράς
1015 1053 1081 1120 ob't'
1101 1053 1298 1136 Νφιλτοῖοοιν

269 1157 426 1240 θαλάμων,

363 1268 390 1326 Ι.
413 1269 449 1329 l.
473 1263 575 1344 210²)
878 1268 915 1327 fr.
942 1272 1012 1340 586,
1035 1271 1065 1342 4,

340 1503 364 1573 1)
382 1506 464 1554 utinm
481 1506 537 1552 Hel.
557 1520 582 1554 v.
602 1507 668 1554 1462
694 1505 742 1553 bne
764 1505 851 1553 referri
875 1505 964 1552 lineet:
990 1492 1012 1556 oi
1035 1504 1124 1557 ναῦται
1151 1501 1180 1556 ld
1200 1504 1295 1557 ναῦται.

273 1593 322 1642 Sed
340 1607 353 1640 e
371 1590 462 1639 iambis
476 1592 617 1652 synoopetis
635 1591 716 1651 potius
734 1592 782 1639 hoo
799 1597 903 1638 metrum
915 1595 1036 1651 constare,
1054 1601 1239 1650 vuum,
1256 1592 1297 1639 vel

270 1691 376 1726 eversu
393 1677 537 1725 sntithetieo
559 1678 650 1736 (1476)
675 1678 785 1725 elueeet:
812 1670 906 1742 μόσχον
935 1669 965 1726 θ’
991 1667 1021 1727 iit
1045 1671 1134 1728 λῖποιτ’
1157 1675 1244 1736 οἴκοις,
1268 1678 1298 1724 de

270 1764 340 1812 ouius
357 1762 479 1812 sententis
495 1761 591 1820 merito,
615 1763 736 1810 immerito
761 1763 906 1822 desperatur
930 1762 961 1809 de
979 1768 1065 1810 metro.
1101 1765 1189 1822 Immo,
1214 1763 1236 1811 si
1253 1778 1297 1811 no·

269 1855 346 1898 strum
363 1862 504 1897 mensurum
522 1848 664 1909 accipimus,
681 1848 707 1895 hi
724 1862 812 1896 versus
831 1862 879 1895 uno
890 1849 1024 1909 eodemque
1036 1849 1134 1896 formati
1147 1853 1205 1896 eunt
1217 1854 1296 1898 metro

270 1951 316 1983 neo
333 1949 391 1993 non,
409 1950 449 1983 me
467 1934 556 1995 iudice,
574 1935 682 1995 produnt
699 1948 839 1982 mensurum
853 1935 941 1982 horum
958 1934 1077 1982 similium
1094 1949 1225 1984 versuum:
1252 1936 1297 1982 Ba.

270 2023 318 2070 577
338 2017 368 2072 lm*
388 2016 498 2086 Βάκχαι,
522 2015 552 2070 td
573 2016 676 2086 Βάκχαι
691 2035 897 2083 vau-vm,
915 2021 974 2068 lieo.
996 2023 1060 2070 1091
1082 2015 1112 2070 td
1130 2013 1236 2087 Ἀχαιοί,
1265 2015 1295 2071 ld

270 2101 399 2169 Ἀτρεῖδαι
422 2121 691 2149 υ-υι-υ-υω-
709 2106 751 2165 (de
769 2106 838 2153 hietu
857 2107 888 2156 ef.
907 2122 931 2167 p.
951 2110 966 2156 2
985 2107 1017 2154 ed
1036 2105 1071 2169 3).

338 2195 386 2242 sed
404 2194 435 2241 de
453 2207 528 2242 sensu
545 2193 603 2240 Hel.
622 2193 727 2242 ν.1400
746 2197 830 2252 restet,
848 2198 875 2240 nt
893 2193 1012 2241 dicemus:
1030 2206 1105 2241 sensu
1121 2193 1186 2239 huno
1197 2207 1296 2241 versum

270 2295 353 2328 cerere
371 2294 446 2340 supre
459 2279 659 2328 memoravimus.
679 2279 847 2339 Hermunnns,
860 2283 990 2340 postquem
1003 2280 1029 2327 in
1041 2293 1114 2327 versu
1129 2278 1254 2340 strophioo
1264 2306 1297 2314 -

185 2407 190 2414 .
268 2366 401 2414 secundum
416 2367 459 2413 Be.
472 2380 497 2415 v.
511 2366 560 2414 577
570 2391 604 2399 -
615 2359 645 2414 td
654 2362 743 2416 ναῦται
755 2359 785 2415 td
795 2361 885 2414 ναῦται
896 2365 1031 2425 proposuit,
1054 2365 1114 2426 legit
1127 2359 1222 2431 μάοχον
1232 2355 1258 2416 θ’
1267 2355 1297 2415 ἃν

268 2447 370 2514 λιπέτην
387 2448 474 2511 οἴκοις,
498 2464 573 2510 quem
590 2450 712 2498 secundae
729 2463 851 2510 personne
870 2451 975 2497 formem
993 2465 1047 2500 esse
1067 2451 1127 2498 satis
1145 2451 1297 2499 demonstre-

268 2537 333 2585 verit
350 2537 438 2585 Elmsl.
463 2537 495 2583 nd
512 2536 575 2584 deb.
597 2537 653 2585 733.
689 2537 768 2583 Panlo
787 2536 866 2583 lenius
883 2537 1020 2584 Hermeuni
1044 2538 1192 2586 sententium
1217 2537 1297 2598 expri-

269 2638 336 2672 mere
360 2621 409 2672 sibi
436 2621 504 2670 visus
529 2626 566 2669 est
591 2622 676 2669 Fixius
694 2621 838 2670 scribendo:
858 2648 891 2657 —
909 2614 939 2672 ἃν
955 2615 1033 2672 λίπετ’
1051 2623 1078 2684 (i.
1098 2638 1118 2671 e.
1137 2618 1247 2686 έλῖπετε)
1264 2621 1298 2673 οἴ·

269 2723 357 2760 κοισιν.
399 2708 447 2756 Sed
476 2707 601 2768 utriusque
630 2707 679 2753 viri
709 2708 875 2773 coniecturas,
906 2721 961 2756 oum
988 2709 1064 2756 solius
1091 2709 1203 2757 Helenes
1228 2709 1299 2757 deret

269 2795 370 2856 mentio,
389 2794 496 2841 Menelai
515 2794 596 2852 nulle,
623 2799 689 2841 reete
713 2792 865 2854 improbavit
882 2794 1050 2852 Hertungius‚
1076 2795 1117 2854 qui
1136 2798 1236 2855 recepto
1253 2795 1298 2842 du·

269 2883 326 2943 plioi
345 2875 375 2931 iti
393 2880 517 2928 oonieeit:
540 2906 573 2915 -
598 2870 629 2931 ἃν
647 2875 718 2936 λῖπες
738 2878 816 2936 οἴκοις
834 2878 930 2944 (debuit
947 2877 1068 2942 οἴκοισιν).
1104 2881 1191 2941 Neque
1215 2884 1298 2928 temen

269 2981 331 3027 esse,
349 2967 416 3027 quod
434 2971 458 3014 et
468 2966 585 3026 stropbee
602 2971 627 3014 et
643 2965 814 3026 antistrophae
832 2980 907 3013 menn
924 2967 1025 3014 admotu
1037 2972 1142 3015 metrum
1153 2970 1299 3025 mutaretur,

269 3053 319 3101 iem
337 3053 450 3101 diximus.
487 3051 553 3112 Quid
571 3056 653 3099 eutem
671 3052 824 3099 Bocchorum
845 3052 888 3099 ills
907 3053 975 3100 loous
993 3051 1025 3100 td
1043 3053 1176 3100 nostrum?
1212 3051 1296 3112 Quid?

270 3139 336 3199 quod
374 3138 508 3188 ltlmsleius
538 3138 634 3186 ratione
665 3137 765 3185 inverse
799 3138 913 3186 moluerit
939 3125 961 3189 ei
988 3133 1091 3204 Βάκχαι
1118 3131 1147 3188 ld
1176 3133 1297 3204 Βάκχαι7

269 3225 428 3274 Βοιίιιοοιιιιιο
446 3224 520 3284 igitur
538 3229 652 3281 metrum,
670 3230 695 3272 et
712 3238 800 3272 sensus
818 3229 846 3271 ut
862 3223 894 3271 sit
912 3224 1016 3284 integer,
1034 3223 1171 3272 scribemus
1183 3223 1233 3272 leni
1244 3239 1297 3272 mu-

269 3313 377 3360 tatione:
397 3304 492 3376 μάοχον
509 3303 531 3359 τ’
549 3299 580 3361 άν
598 3304 685 3376 λάβοις
703 3307 780 3368 οἴκοις
797 3309 838 3374 (ol.
858 3325 900 3360 vv.
921 3311 987 3360 1465
1006 3308 1083 3375 squ).
1116 3311 1163 3358 'l'ot
1180 3309 1295 3358 versibus

269 3394 479 3444 interoedentibus
496 3396 550 3444 fieri
568 3395 611 3442 vix
628 3396 717 3456 potuit,
733 3395 793 3455 quin
811 3394 925 3456 verbum,
942 3409 957 3443 t
974 3410 1024 3455 quo
1042 3397 1161 3456 penderet
1177 3396 1294 3444 tooustti-

270 3497 317 3532 vus
336 3477 441 3548 μόσχον,
460 3486 619 3542 repeteretur.
1265 3474 1267 3477 ’

340 3570 367 3630 2)
385 3569 433 3616 Vr.
454 3572 503 3618 710
521 3582 569 3629 sq.,
587 3583 650 3630 quos
668 3568 711 3614 ulii
728 3567 801 3615 aliter
819 3567 898 3614 mensi
916 3571 982 3626 sunt,
1008 3566 1101 3615 iuditio
1120 3581 1175 3615 meo
1194 3567 1297 3616 dubium

271 3668 326 3703 esse
343 3653 386 3702 vix
404 3659 494 3715 potest,
513 3655 574 3714 quin
593 3658 706 3701 constent
727 3653 840 3701 etribus
857 3653 919 3700 eolis
936 3653 1104 3712 logsoediels:
1132 3647 1198 3704 εἶδον
1216 3649 1297 3717 αἰγια-

271 3736 345 3806 λοῖΙοι
361 3735 431 3804 παρά
449 3755 477 3790 τε
494 3736 632 3803 κροκάλαις
647 3737 651 3802 Ι
667 3731 761 3801 δράμοι
787 3734 876 3804 ἔχοντα
900 3733 945 3789 οιλν
963 3729 1058 3800 ὅπλοις,
1086 3754 1160 3799 quem
1178 3739 1296 3788 distribu-

270 3826 364 3873 tionem
382 3825 430 3885 ipsi
449 3825 623 3873 commendent
641 3825 747 3885 oodioee,
766 3824 815 3872 nisi
833 3826 900 3885 quod
917 3825 1039 3885 praebent
1051 3820 1186 3888 αἴγιαλοῖσι
1201 3823 1205 3888 Ι
1221 3819 1297 3889 παρά.

270 3939 304 3948 -
313 3913 352 3959 De
364 3911 487 3972 producta
499 3916 556 3959 ente
568 3915 661 3958 mntem
674 3925 730 3958 eum
743 3909 839 3971 liquide
850 3910 948 3971 syllebe
959 3909 1029 3957 finali
1045 3910 1076 3956 oi.
1090 3910 1134 3958 Be.
1148 3912 1198 3958 tlt
1208 3907 1298 3976 (evil)

271 3990 358 4047 eaere'
376 3987 424 4062 άγε
443 3998 488 4060 μέ,
507 3991 605 4060 Βρόμιε
624 3990 720 4058 Βρόμιε
732 4009 764 4045 ω
775 3991 853 4059 οοφόν
870 3989 899 4047 δ’
917 3988 1020 4060 άπέχιιν
1037 3992 1151 4056 πραπίδα
1169 3991 1248 4060 φρένα
1259 4010 1297 4058 τε,

270 4081 327 4130 Tro.
339 4083 388 4130 830
399 4083 443 4145 (ω
454 4085 507 4142 di),
525 4084 546 4130 1.
564 4082 594 4128 Δ.
615 4085 677 4142 78ος
696 4079 897 4144 Ηο1.(1348ω)
911 4083 952 4141 64,
970 4082 1024 4128 Alo.
1036 4082 1079 4144 (89
1090 4080 1134 4145 ω)
1143 4085 1201 4143 101,
1219 4082 1296 4131 Phoe.

273 4169 347 4227 1487,
368 4170 448 4228 14913
475 4169 587 4230 perfecte
603 4169 733 4229 responsio
751 4168 798 4216 beo
815 4168 979 4229 productione
996 4167 1093 4216 restitui
1111 4173 1209 4230 potest:
1234 4169 1296 4216 Heo.
