3184 4916
717 389 930 454 ‚24-

396 564 465 624 Hel.
491 567 572 622 1116
597 576 629 610 Ν
653 566 690 621 31
715 561 806 620 ismbi
830 562 905 621 ersis
927 563 958 622 in
989 561 1179 640 antistropha
1201 563 1337 634 solvitur,

314 686 390 745 queo
412 665 568 743 responsio
590 671 689 724 tamen
705 664 793 724 vnlde
808 663 914 723 dubito
936 685 974 723 en
992 665 1125 766 tollendo
1141 665 1189 728 sit.
1233 666 1338 743 Neque

312 768 391 828 enim
415 774 485 828 sunt
506 768 566 826 nisi
587 769 646 826 duo
670 767 809 844 exemplo
831 785 924 846 ecque
948 767 1020 826 setis
1042 767 1167 828 lubrice.

397 869 522 942 Prioris,
536 869 615 950 quod
626 867 872 944 praedicavimus,
889 870 1031 928 memoris
1040 872 1115 929 hooc
1125 874 1172 930 est
1186 871 1281 947 (1115
1295 888 1338 949 sq.

312 987 345 1023 N
358 979 397 1032 30
414 972 487 1052 sq.):
503 965 672 1051 (ἀει)δσόσρι
688 963 870 1048 δακρυόεντα
886 964 995 1053 πόνονί
1009 963 1133 1047 Ἀχαίων
1147 963 1207 1029 όιιό
1223 963 1339 1049 λόγχαις

312 1089 344 1124 Ν
360 1073 501 1153 Αἰγαίαις
522 1065 545 1131 τ’
568 1070 692 1141 ἐναλίοις
716 1065 819 1140 ἀκταῖς
832 1069 835 1155 ί
850 1066 949 1130 δόλιον
971 1067 1078 1150 ἀστίρα
1103 1066 1234 1148 λα’μιρας,
1258 1075 1338 1132 unde

312 1176 419 1237 refecit
433 1178 619 1236 Bedhemus:
644 1167 812 1257 (ἀει)δοόσρι
828 1168 1010 1253 δακρυόεντα
1026 1168 1140 1249 ιτότμσν
1157 1167 1229 1255 ίἈχ.
1246 1165 1298 1233 όιτ.
1314 1176 1337 1232 λ.

312 1293 344 1326 Ν
367 1276 436 1357 Azy.
458 1271 481 1336 τ’
505 1271 652 1337 ἐνόλσισιν
674 1271 736 1334 ἀκτ.
752 1273 794 1356 λδ.
824 1272 888 1336 ἀστ.
912 1280 946 1347 λ,
976 1277 1019 1336 ite
1049 1281 1084 1338 ut
1112 1279 1168 1337 hoc
1197 1297 1338 1338 versuum

311 1403 364 1460 per
386 1383 579 1459 procederet:

398 1688 466 1748 Alio
481 1690 569 1748 modo
585 1691 679 1750 verbo
701 1693 807 1766 postne
829 1688 1035 1762 redintegrare
1055 1694 1178 1747 conotus
1201 1693 1247 1746 est
1262 1689 1339 1747 Her-

312 1812 446 1864 mennus,
458 1794 602 1868 probante
612 1791 781 1851 Dindorfio:
792 1783 961 1871 (ἀει)δοόσρι
972 1783 1154 1866 δακρυόεντα
1164 1783 1258 1848 πόνον
1268 1785 1272 1855 Ι
1282 1787 1339 1865 'Ap

312 1888 363 1955 όιτ.
380 1897 402 1953 λ.
419 1907 452 1942 Ν
468 1891 608 1972 Αἰγαίαις
623 1887 646 1950 τ’
663 1885 776 1962 lodices
795 1893 874 1971 (cum
893 1892 1081 1972 Musgruvio)
1106 1889 1205 1950 δόλιον
1219 1889 1222 1974 ί
1236 1887 1341 1961 ἀκταῖς

310 1991 373 2058 ἀστ.
397 1999 432 2068 λ,
456 2016 515 2077 quo
536 1996 657 2056 dubiem
678 1995 762 2055 illem
784 1995 1009 2073 responsionem
1031 1995 1121 2056 vitari
1141 1995 1243 2058 vides:

623 2093 908 2182 --l-copulem

623 2196 845 2284 ῦ-ί.υυί-ῦ

398 2306 537 2363 Alterum
560 2304 729 2380 exemplum
755 2305 846 2362 hebes
875 2305 900 2362 1.
924 2303 956 2364 T.
982 2308 1062 2364 1130
1087 2317 1119 2352 Ν
1143 2309 1200 2363 45:
1231 2297 1340 2362 ἀείδων

312 2403 374 2479 ἀξει
395 2399 523 2483 λιπαρόν
545 2418 578 2453 Ν
601 2399 682 2482 παρά
705 2399 773 2463 πόδ’
796 2403 963 2463 εἱλίσσουσα
986 2407 1081 2479 φίλας,
1103 2407 1134 2464 in
1158 2426 1216 2487 quo
1240 2413 1337 2466 temen

312 2511 337 2571 si
353 2508 494 2570 vocabuli·
507 2502 616 2566 ἀείδων
637 2509 753 2588 syllaba
774 2507 871 2587 prime
893 2508 1071 2586 producte¹)
1094 2514 1227 2589 putetur,
1250 2530 1338 2587 spon·

313 2615 386 2673 deus
408 2611 476 2690 pedi
501 2609 630 2674 tribrevi
652 2612 822 2690 respondet,
854 2631 929 2692 quos
951 2613 1042 2690 pedes
1066 2611 1184 2690 saepius
1206 2612 1286 2672 inter
1309 2632 1339 2671 se

312 2714 467 2777 conciliari
489 2713 576 2776 brevi
600 2733 819 2789 cognoscemus.

399 2819 464 2876 Hoc
486 2817 579 2892 igitur
602 2819 734 2876 statuere
755 2815 861 2876 liceat:
886 2817 951 2876 veri
974 2837 1038 2877 esse
1062 2817 1245 2876 simillimum
1268 2817 1340 2875 inm-

311 2925 382 2981 bum
409 2927 441 2980 et
470 2919 645 2996 tribrachyn
676 2919 863 2998 nusquem²)
893 2921 973 2998 epud
994 2919 1170 2996 Euripidem
1199 2920 1279 2979 inter
1308 2939 1339 2978 se

384 3143 407 3202 1)
434 3141 581 3201 Quanquam
608 3154 638 3186 ex
662 3138 781 3200 Euripide
806 3141 910 3191 alterum
935 3141 1015 3188 locum
1041 3141 1152 3200 proferre
1177 3155 1272 3200 nequeo
1298 3143 1340 3200 (on

313 3230 370 3276 Tro.
388 3227 543 3276 511ω33ι
562 3217 627 3276 ἄειδ’
641 3220 666 3274 ἐν
684 3221 804 3288 δακρύοις
816 3240 849 3275 ω
862 3217 974 3292 πεύκαν
993 3215 1115 3292 siponto?
1132 3227 1163 3274 cl.
1177 3241 1200 3286 p.
1215 3228 1246 3274 12
1265 3226 1339 3289 edo),

312 3322 394 3361 temen
406 3313 472 3372 opud
484 3312 619 3358 Homerum
631 3316 730 3372 reputes
742 3311 843 3358 condem
863 3311 1049 3370 productionem
1067 3326 1117 3359 non
1132 3311 1180 3359 nisi
1199 3326 1247 3360 uno
1265 3313 1339 3360 hexe-

312 3403 389 3446 metro
407 3395 511 3455 admitti,
531 3394 577 3443 Od.
591 3396 672 3454 XVII,
695 3397 755 3443 159:
774 3385 850 3462 ἀείδῃ
869 3391 971 3453 δεδαώς
989 3387 1041 3446 ἔντε’
1057 3392 1189 3460 ἱμερόεντα
1209 3397 1338 3462 βροτοῖσιν.

313 3484 386 3544 Apud
404 3483 551 3543 Sophoclem
568 3481 671 3529 verbum
689 3475 783 3534 ἀείδειν
803 3482 902 3529 omnino
927 3495 976 3528 non
995 3486 1082 3541 exstet,
1106 3482 1171 3542 opud
1191 3482 1340 3543 Aeschylum

311 3570 352 3616 bis
364 3573 510 3628 correptum.
542 3567 663 3614 Censores
676 3568 781 3617 similem
799 3583 927 3627 raramque
940 3567 1012 3615 verbi
1029 3562 1127 3618 ἀίσσειν
1140 3568 1338 3628 productionem:

311 3655 367 3701 Tro.
390 3655 437 3700 156
456 3646 499 3704 διὰ
517 3639 547 3702 δὲ
572 3649 679 3715 στέρνων
697 3648 778 3720 φόβος
803 3643 887 3704 ἀίσσει
911 3652 952 3717 (do
976 3666 1024 3712 quo
1042 3667 1116 3700 versu
1133 3652 1290 3700 Hermsnnus
1308 3652 1340 3699 sd

311 3740 371 3786 Hoc.
385 3740 416 3786 31
436 3738 623 3786 animadvertit:
643 3739 798 3806 ‘Ferendum
810 3740 915 3787 fortusse
933 3739 1007 3786 etiem
1020 3739 1100 3799 primu
1117 3738 1238 3798 producte
1255 3729 1340 3788 ἀίσσω

311 3824 413 3871 Homeri
432 3824 543 3884 exemplo
563 3823 589 3869 in
607 3824 698 3872 Troed.
721 3816 805 3886 156.’),
830 3825 919 3870 iterum
936 3824 1105 3884 responsionis
1128 3825 1223 3883 gratie,
1248 3824 1269 3871 si
1288 3825 1339 3872 vis:

312 3909 368 3956 Tro.
383 3913 448 3959 1086
459 3923 492 3958 ω
504 3911 570 3958 1104
588 3901 676 3959 ἀίσσον
688 3911 801 3972 πτεροῖσι
813 3905 932 3972 πορεύσει
941 3924 974 3959 ω
982 3907 1089 3974 Αἰγαίου
1101 3903 1272 3971 κεραυνοφαὲς
1283 3906 1341 3970 πῦρ.

381 3993 406 4056 2)
424 3995 505 4042 Locus
529 3994 733 4066 tertiushSuppl.
753 3995 861 4044 1005oe
875 3998 919 4054 28,
945 3997 977 4044 sb
1001 3997 1087 4044 eodem
1112 3994 1277 4054 discrepantis
1300 4009 1340 4042 ex·

312 4078 411 4126 ordiens
424 4081 566 4127 emendatus
584 4085 622 4127 est
639 4094 662 4140 p.
678 4082 709 4128 23
729 4081 761 4127 sd
774 4082 797 4128 1.
832 4081 953 4140 Quartum
967 4081 1106 4130 huiusmodi
1118 4080 1265 4140 exemplum,
1284 4083 1339 4129 Hel.
