<?xml version="1.0" encoding="UTF-8"?>
<!DOCTYPE html PUBLIC "-//W3C//DTD XHTML 1.0 Transitional//EN"
    "http://www.w3.org/TR/xhtml1/DTD/xhtml1-transitional.dtd">
<html xmlns="http://www.w3.org/1999/xhtml" xml:lang="en" lang="en">
 <head>
  <title>
</title>
<meta http-equiv="Content-Type" content="text/html;charset=utf-8" />
  <meta name='ocr-system' content='tesseract 3.04.00' />
  <meta name='ocr-capabilities' content='ocr_page ocr_carea ocr_par ocr_line ocrx_word'/>
</head>
<body>
  <div class='ocr_page' id='page_1' title='image "./deeuripidisvers00groegoog_0083.png"; bbox 0 0 3184 4916; ppageno 0'>
   <div class='ocr_carea' id='block_1_1' title="bbox 727 473 938 541">
    <p class='ocr_par' dir='ltr' id='par_1_1' title="bbox 727 473 938 541">
     <span class='ocr_line' id='line_1_1' title="bbox 727 473 938 541; baseline 0 -1"><span class='ocrx_word' id='word_1_1' title='bbox 727 473 938 541; x_wconf 51' lang='lat' dir='ltr'><strong>-u†</strong></span> 
     </span>
    </p>
   </div>
   <div class='ocr_carea' id='block_1_2' title="bbox 312 649 1347 1756">
    <p class='ocr_par' dir='ltr' id='par_1_2' title="bbox 402 649 1124 729">
     <span class='ocr_line' id='line_1_2' title="bbox 402 649 1124 729; baseline 0.004 -21"><span class='ocrx_word' id='word_1_2' title='bbox 402 649 555 709; x_wconf 72' lang='lat' dir='ltr'><strong>Hactenus</strong></span> <span class='ocrx_word' id='word_1_3' title='bbox 578 650 615 708; x_wconf 87' lang='lat' dir='ltr'><strong>de</strong></span> <span class='ocrx_word' id='word_1_4' title='bbox 638 649 808 728; x_wconf 84' lang='lat' dir='ltr'><strong>Giyooueis‚</strong></span> <span class='ocrx_word' id='word_1_5' title='bbox 834 649 943 729; x_wconf 90' lang='lat' dir='ltr'><strong>quibus</strong></span> <span class='ocrx_word' id='word_1_6' title='bbox 966 651 1124 711; x_wconf 82' lang='lat' dir='ltr'><strong>addamus:</strong></span> 
     </span>
    </p>

    <p class='ocr_par' dir='ltr' id='par_1_3' title="bbox 313 746 1347 1243">
     <span class='ocr_line' id='line_1_3' title="bbox 404 746 1345 830; baseline 0.002 -20"><span class='ocrx_word' id='word_1_7' title='bbox 404 755 428 814; x_wconf 89' lang='lat'><strong>1.</strong></span> <span class='ocrx_word' id='word_1_8' title='bbox 444 756 482 813; x_wconf 80' lang='lat' dir='ltr'><strong>A.</strong></span> <span class='ocrx_word' id='word_1_9' title='bbox 501 757 561 810; x_wconf 91' lang='grc'><strong>556</strong></span> <span class='ocrx_word' id='word_1_10' title='bbox 579 765 611 799; x_wconf 99' lang='grc' dir='ltr'><strong><em>Ν</em></strong></span> <span class='ocrx_word' id='word_1_11' title='bbox 629 753 665 811; x_wconf 96' lang='grc'><strong>71</strong></span> <span class='ocrx_word' id='word_1_12' title='bbox 685 749 736 811; x_wconf 81' lang='grc' dir='ltr'><strong>καὶ</strong></span> <span class='ocrx_word' id='word_1_13' title='bbox 752 749 899 829; x_wconf 81' lang='grc' dir='ltr'><strong><em>μετέχοιμι</em></strong></span> <span class='ocrx_word' id='word_1_14' title='bbox 915 755 967 822; x_wconf 84' lang='grc' dir='ltr'><strong>τᾶς</strong></span> <span class='ocrx_word' id='word_1_15' title='bbox 975 746 1169 830; x_wconf 64' lang='grc' dir='ltr'><strong><em>Ἀφροδίτας</em></strong></span> <span class='ocrx_word' id='word_1_16' title='bbox 1185 767 1217 801; x_wconf 93' lang='grc' dir='ltr'><strong><em>Ν</em></strong></span> <span class='ocrx_word' id='word_1_17' title='bbox 1233 747 1345 828; x_wconf 80' lang='grc' dir='ltr'><strong><em>κόσμος</em></strong></span> 
     </span>
     <span class='ocr_line' id='line_1_4' title="bbox 315 846 1345 936; baseline 0.004 -24"><span class='ocrx_word' id='word_1_18' title='bbox 315 851 403 912; x_wconf 74' lang='grc' dir='ltr'><strong><em>ἔνδον</em></strong></span> <span class='ocrx_word' id='word_1_19' title='bbox 417 856 446 933; x_wconf 87' lang='lat'><strong>1)</strong></span> <span class='ocrx_word' id='word_1_20' title='bbox 469 847 487 914; x_wconf 86' lang='lat' dir='ltr'><strong>o‘</strong></span> <span class='ocrx_word' id='word_1_21' title='bbox 509 846 751 933; x_wconf 77' lang='grc' dir='ltr'><strong><em>μυριοπλη-θής,</em></strong></span> <span class='ocrx_word' id='word_1_22' title='bbox 783 876 858 936; x_wconf 81' lang='lat' dir='ltr'><strong>quae</strong></span> <span class='ocrx_word' id='word_1_23' title='bbox 881 855 1067 934; x_wconf 84' lang='lat' dir='ltr'><strong>tetrapodiee</strong></span> <span class='ocrx_word' id='word_1_24' title='bbox 1089 857 1176 916; x_wconf 86' lang='lat' dir='ltr'>binos</span> <span class='ocrx_word' id='word_1_25' title='bbox 1198 859 1345 933; x_wconf 75' lang='lat' dir='ltr'><strong>praebent</strong></span> 
     </span>
     <span class='ocr_line' id='line_1_5' title="bbox 314 957 1347 1036; baseline 0.003 -20"><span class='ocrx_word' id='word_1_26' title='bbox 314 959 459 1036; x_wconf 83' lang='lat' dir='ltr'><strong>daotyloe,</strong></span> <span class='ocrx_word' id='word_1_27' title='bbox 489 959 521 1018; x_wconf 90' lang='lat' dir='ltr'><strong>iu</strong></span> <span class='ocrx_word' id='word_1_28' title='bbox 551 957 649 1034; x_wconf 80' lang='lat' dir='ltr'><strong>primo</strong></span> <span class='ocrx_word' id='word_1_29' title='bbox 672 964 703 1018; x_wconf 91' lang='lat' dir='ltr'><strong>et</strong></span> <span class='ocrx_word' id='word_1_30' title='bbox 726 958 815 1019; x_wconf 84' lang='lat' dir='ltr'><strong>tertio</strong></span> <span class='ocrx_word' id='word_1_31' title='bbox 839 959 914 1035; x_wconf 83' lang='lat' dir='ltr'><strong>pede</strong></span> <span class='ocrx_word' id='word_1_32' title='bbox 936 959 1068 1034; x_wconf 85' lang='lat' dir='ltr'><strong>strophe,</strong></span> <span class='ocrx_word' id='word_1_33' title='bbox 1097 958 1129 1019; x_wconf 88' lang='lat' dir='ltr'><strong>in</strong></span> <span class='ocrx_word' id='word_1_34' title='bbox 1153 959 1282 1020; x_wconf 83' lang='lat' dir='ltr'><strong>eeoundo</strong></span> <span class='ocrx_word' id='word_1_35' title='bbox 1314 964 1347 1019; x_wconf 87' lang='lat' dir='ltr'><strong>et</strong></span> 
     </span>
     <span class='ocr_line' id='line_1_6' title="bbox 314 1059 1345 1138; baseline 0.001 -20"><span class='ocrx_word' id='word_1_36' title='bbox 314 1059 405 1120; x_wconf 88' lang='lat' dir='ltr'><strong>tortio</strong></span> <span class='ocrx_word' id='word_1_37' title='bbox 428 1062 626 1138; x_wconf 76' lang='lat' dir='ltr'><strong>antistropha,</strong></span> <span class='ocrx_word' id='word_1_38' title='bbox 657 1063 700 1120; x_wconf 85' lang='lat' dir='ltr'><strong>ita</strong></span> <span class='ocrx_word' id='word_1_39' title='bbox 722 1066 757 1122; x_wconf 85' lang='lat' dir='ltr'><strong>nt</strong></span> <span class='ocrx_word' id='word_1_40' title='bbox 786 1065 905 1138; x_wconf 84' lang='lat' dir='ltr'><strong>praeter</strong></span> <span class='ocrx_word' id='word_1_41' title='bbox 935 1060 1198 1120; x_wconf 79' lang='lat' dir='ltr'><strong>commutationem</strong></span> <span class='ocrx_word' id='word_1_42' title='bbox 1220 1062 1271 1122; x_wconf 83' lang='lat' dir='ltr'><strong>veI</strong></span> <span class='ocrx_word' id='word_1_43' title='bbox 1300 1060 1345 1120; x_wconf 92' lang='lat' dir='ltr'><strong>di-</strong></span> 
     </span>
     <span class='ocr_line' id='line_1_7' title="bbox 313 1163 1287 1243; baseline 0.003 -22"><span class='ocrx_word' id='word_1_44' title='bbox 313 1164 442 1241; x_wconf 85' lang='lat' dir='ltr'><strong>remptio</strong></span> <span class='ocrx_word' id='word_1_45' title='bbox 465 1165 652 1240; x_wconf 72' lang='lat' dir='ltr'><strong>dactylorum</strong></span> <span class='ocrx_word' id='word_1_46' title='bbox 675 1165 832 1236; x_wconf 76' lang='lat' dir='ltr'><strong>efficietur,</strong></span> <span class='ocrx_word' id='word_1_47' title='bbox 855 1165 892 1223; x_wconf 91' lang='lat' dir='ltr'><strong>de</strong></span> <span class='ocrx_word' id='word_1_48' title='bbox 915 1183 975 1243; x_wconf 85' lang='lat' dir='ltr'><strong>qua</strong></span> <span class='ocrx_word' id='word_1_49' title='bbox 996 1163 1084 1223; x_wconf 90' lang='lat' dir='ltr'><strong>modo</strong></span> <span class='ocrx_word' id='word_1_50' title='bbox 1107 1163 1287 1224; x_wconf 73' lang='lat' dir='ltr'><strong>videbimus.</strong></span> 
     </span>
    </p>

    <p class='ocr_par' dir='ltr' id='par_1_4' title="bbox 379 1267 883 1347">
     <span class='ocr_line' id='line_1_8' title="bbox 379 1267 883 1347; baseline 0 -23"><span class='ocrx_word' id='word_1_51' title='bbox 379 1267 526 1347; x_wconf 77' lang='lat' dir='ltr'><strong>-Reliqui</strong></span> <span class='ocrx_word' id='word_1_52' title='bbox 548 1275 619 1326; x_wconf 89' lang='lat' dir='ltr'><strong>suut</strong></span> <span class='ocrx_word' id='word_1_53' title='bbox 642 1272 786 1346; x_wconf 84' lang='lat' dir='ltr'><strong>quattuor</strong></span> <span class='ocrx_word' id='word_1_54' title='bbox 807 1267 883 1326; x_wconf 85' lang='lat' dir='ltr'><strong>looi:</strong></span> 
     </span>
    </p>

    <p class='ocr_par' dir='ltr' id='par_1_5' title="bbox 312 1359 1345 1549">
     <span class='ocr_line' id='line_1_9' title="bbox 399 1359 1345 1448; baseline -0.001 -20"><span class='ocrx_word' id='word_1_55' title='bbox 399 1370 438 1430; x_wconf 88' lang='lat' dir='ltr'><strong>fr.</strong></span> <span class='ocrx_word' id='word_1_56' title='bbox 455 1371 526 1444; x_wconf 83' lang='grc'><strong>778,</strong></span> <span class='ocrx_word' id='word_1_57' title='bbox 550 1375 589 1428; x_wconf 83' lang='grc'><strong>25</strong></span> <span class='ocrx_word' id='word_1_58' title='bbox 614 1382 647 1417; x_wconf 92' lang='grc' dir='ltr'><strong><em>Ν</em></strong></span> <span class='ocrx_word' id='word_1_59' title='bbox 671 1375 710 1427; x_wconf 87' lang='grc'><strong>33</strong></span> <span class='ocrx_word' id='word_1_60' title='bbox 735 1363 942 1448; x_wconf 71' lang='grc' dir='ltr'><strong><em>ὀρθρευομένα</em></strong></span> <span class='ocrx_word' id='word_1_61' title='bbox 965 1362 1047 1447; x_wconf 84' lang='grc' dir='ltr'>γόοις</span> <span class='ocrx_word' id='word_1_62' title='bbox 1071 1382 1103 1416; x_wconf 93' lang='grc' dir='ltr'><strong><em>Ν</em></strong></span> <span class='ocrx_word' id='word_1_63' title='bbox 1126 1371 1236 1448; x_wconf 79' lang='grc' dir='ltr'><strong><em>παγαῖς</em></strong></span> <span class='ocrx_word' id='word_1_64' title='bbox 1256 1359 1278 1426; x_wconf 84' lang='grc' dir='ltr'><strong>τ’</strong></span> <span class='ocrx_word' id='word_1_65' title='bbox 1300 1359 1345 1427; x_wconf 76' lang='grc' dir='ltr'><strong>ἐπ’</strong></span> 
     </span>
     <span class='ocr_line' id='line_1_10' title="bbox 312 1449 516 1549; baseline 0.01 -19"><span class='ocrx_word' id='word_1_66' title='bbox 312 1449 466 1532; x_wconf 71' lang='grc' dir='ltr'><strong><em>Ὠκεανοῦ</em></strong></span> <span class='ocrx_word' id='word_1_67' title='bbox 479 1470 516 1549; x_wconf 69' lang='lat'><strong>²),</strong></span> 
     </span>
    </p>

    <p class='ocr_par' dir='ltr' id='par_1_6' title="bbox 314 1565 1345 1756">
     <span class='ocr_line' id='line_1_11' title="bbox 400 1565 1345 1652; baseline -0.003 -17"><span class='ocrx_word' id='word_1_68' title='bbox 400 1577 439 1635; x_wconf 92' lang='lat' dir='ltr'><strong>H.</strong></span> <span class='ocrx_word' id='word_1_69' title='bbox 462 1577 483 1636; x_wconf 80' lang='lat' dir='ltr'><strong>i.</strong></span> <span class='ocrx_word' id='word_1_70' title='bbox 508 1576 566 1635; x_wconf 88' lang='grc'><strong>791</strong></span> <span class='ocrx_word' id='word_1_71' title='bbox 594 1588 626 1622; x_wconf 94' lang='grc' dir='ltr'><strong><em>Ν</em></strong></span> <span class='ocrx_word' id='word_1_72' title='bbox 651 1580 710 1635; x_wconf 87' lang='grc'><strong>808</strong></span> <span class='ocrx_word' id='word_1_73' title='bbox 735 1575 873 1635; x_wconf 79' lang='grc' dir='ltr'><strong><em>Μουσῶν</em></strong></span> <span class='ocrx_word' id='word_1_74' title='bbox 898 1565 929 1632; x_wconf 85' lang='grc' dir='ltr'><strong>θ’</strong></span> <span class='ocrx_word' id='word_1_75' title='bbox 950 1565 1190 1652; x_wconf 58' lang='grc' dir='ltr'><strong><em>Ἑλικωνίιλοινθ)</em></strong></span> <span class='ocrx_word' id='word_1_76' title='bbox 1221 1567 1345 1649; x_wconf 75' lang='grc' dir='ltr'><strong><em>δώματα</em></strong></span> 
     </span>
     <span class='ocr_line' id='line_1_12' title="bbox 314 1671 945 1756; baseline -0.003 -19"><span class='ocrx_word' id='word_1_77' title='bbox 314 1693 346 1728; x_wconf 90' lang='grc' dir='ltr'><strong><em>Ν</em></strong></span> <span class='ocrx_word' id='word_1_78' title='bbox 373 1674 555 1748; x_wconf 72' lang='grc' dir='ltr'><strong><em>Πλούτωνος</em></strong></span> <span class='ocrx_word' id='word_1_79' title='bbox 577 1677 661 1755; x_wconf 74' lang='grc' dir='ltr'><strong>δῶμα</strong></span> <span class='ocrx_word' id='word_1_80' title='bbox 684 1671 780 1737; x_wconf 74' lang='lat' dir='ltr'><strong>tinnio</strong></span> <span class='ocrx_word' id='word_1_81' title='bbox 803 1674 945 1756; x_wconf 76' lang='grc' dir='ltr'><strong><em>νέρτερον,</em></strong></span> 
     </span>
    </p>
   </div>
   <div class='ocr_carea' id='block_1_3' title="bbox 313 1857 1346 2459">
    <p class='ocr_par' dir='ltr' id='par_1_7' title="bbox 313 1857 1346 2459">
     <span class='ocr_line' id='line_1_13' title="bbox 313 1857 1346 1934; baseline -0.004 -17"><span class='ocrx_word' id='word_1_82' title='bbox 313 1864 388 1934; x_wconf 84' lang='grc' dir='ltr'>γελᾷ]</span> <span class='ocrx_word' id='word_1_83' title='bbox 407 1865 469 1932; x_wconf 81' lang='grc' dir='ltr'>γελᾷ</span> <span class='ocrx_word' id='word_1_84' title='bbox 484 1884 541 1931; x_wconf 86' lang='grc' dir='ltr'><strong><em>μου,</em></strong></span> <span class='ocrx_word' id='word_1_85' title='bbox 560 1867 609 1915; x_wconf 90' lang='lat' dir='ltr'><strong>ibd.</strong></span> <span class='ocrx_word' id='word_1_86' title='bbox 627 1871 705 1916; x_wconf 76' lang='lat'>1126:</span> <span class='ocrx_word' id='word_1_87' title='bbox 724 1863 769 1918; x_wconf 84' lang='grc' dir='ltr'><strong>τάν</strong></span> <span class='ocrx_word' id='word_1_88' title='bbox 781 1857 860 1931; x_wconf 68' lang='lat' dir='ltr'><strong>doeio]</strong></span> <span class='ocrx_word' id='word_1_89' title='bbox 879 1861 923 1916; x_wconf 86' lang='grc' dir='ltr'><strong><em>τοὶν</em></strong></span> <span class='ocrx_word' id='word_1_90' title='bbox 942 1860 1057 1930; x_wconf 78' lang='grc' dir='ltr'><strong><em>ἐμάν-</em></strong></span> <span class='ocrx_word' id='word_1_91' title='bbox 1075 1867 1116 1912; x_wconf 88' lang='lat' dir='ltr'><strong>vol</strong></span> <span class='ocrx_word' id='word_1_92' title='bbox 1134 1866 1159 1913; x_wconf 92' lang='lat' dir='ltr'><strong>in</strong></span> <span class='ocrx_word' id='word_1_93' title='bbox 1177 1867 1346 1926; x_wconf 74' lang='lat' dir='ltr'>antistropha:</span> 
     </span>
     <span class='ocr_line' id='line_1_14' title="bbox 314 1948 1344 2036; baseline -0.004 -16"><span class='ocrx_word' id='word_1_94' title='bbox 314 1961 344 2019; x_wconf 79' lang='grc' dir='ltr'><strong><em>οὐ</em></strong></span> <span class='ocrx_word' id='word_1_95' title='bbox 363 1967 433 2036; x_wconf 86' lang='grc' dir='ltr'>φυγᾷ</span> <span class='ocrx_word' id='word_1_96' title='bbox 454 1963 479 2034; x_wconf 91' lang='grc' dir='ltr'><strong>μ’</strong></span> <span class='ocrx_word' id='word_1_97' title='bbox 494 1963 528 2020; x_wconf 74' lang='grc' dir='ltr'><strong>ἔτ’</strong></span> <span class='ocrx_word' id='word_1_98' title='bbox 545 1962 587 2020; x_wconf 84' lang='lat' dir='ltr'>o’n&#39;</span> <span class='ocrx_word' id='word_1_99' title='bbox 606 1963 709 2025; x_wconf 82' lang='grc' dir='ltr'><strong><em>ου’λίων,</em></strong></span> <span class='ocrx_word' id='word_1_100' title='bbox 729 1971 788 2016; x_wconf 81' lang='lat' dir='ltr'><strong>Ant.</strong></span> <span class='ocrx_word' id='word_1_101' title='bbox 807 1985 849 2016; x_wconf 89' lang='lat' dir='ltr'><strong>vv.</strong></span> <span class='ocrx_word' id='word_1_102' title='bbox 868 1972 918 2017; x_wconf 87' lang='grc'><strong>810</strong></span> <span class='ocrx_word' id='word_1_103' title='bbox 937 1983 969 2017; x_wconf 78' lang='grc' dir='ltr'><strong><em>ω</em></strong></span> <span class='ocrx_word' id='word_1_104' title='bbox 990 1971 1020 2017; x_wconf 88' lang='grc'><strong>28</strong></span> <span class='ocrx_word' id='word_1_105' title='bbox 1039 1970 1059 2017; x_wconf 84' lang='lat' dir='ltr'><strong>si</strong></span> <span class='ocrx_word' id='word_1_106' title='bbox 1078 1970 1205 2018; x_wconf 79' lang='lat' dir='ltr'>metimur:</span> <span class='ocrx_word' id='word_1_107' title='bbox 1223 1948 1344 2035; x_wconf 50' lang='grc' dir='ltr'><strong>πί...</strong></span> 
     </span>
     <span class='ocr_line' id='line_1_15' title="bbox 383 2053 1346 2120; baseline 0.001 -19"><span class='ocrx_word' id='word_1_108' title='bbox 383 2056 421 2102; x_wconf 83' lang='lat' dir='ltr'><strong>Ex</strong></span> <span class='ocrx_word' id='word_1_109' title='bbox 440 2057 564 2116; x_wconf 75' lang='lat' dir='ltr'>Aeschylo</span> <span class='ocrx_word' id='word_1_110' title='bbox 590 2057 694 2114; x_wconf 88' lang='lat' dir='ltr'><strong>denique</strong></span> <span class='ocrx_word' id='word_1_111' title='bbox 713 2053 836 2102; x_wconf 77' lang='lat' dir='ltr'><strong>Christius</strong></span> <span class='ocrx_word' id='word_1_112' title='bbox 862 2055 889 2120; x_wconf 87' lang='lat' dir='ltr'><strong>(l.</strong></span> <span class='ocrx_word' id='word_1_113' title='bbox 910 2055 925 2100; x_wconf 90' lang='lat'><strong>1.</strong></span> <span class='ocrx_word' id='word_1_114' title='bbox 944 2068 968 2114; x_wconf 89' lang='lat' dir='ltr'><strong>p.</strong></span> <span class='ocrx_word' id='word_1_115' title='bbox 987 2057 1048 2116; x_wconf 85' lang='grc'><strong>521)</strong></span> <span class='ocrx_word' id='word_1_116' title='bbox 1073 2070 1147 2102; x_wconf 83' lang='grc' dir='ltr'><strong><em>υιιιιιιι</em></strong></span> <span class='ocrx_word' id='word_1_117' title='bbox 1169 2056 1217 2102; x_wconf 88' lang='lat' dir='ltr'><strong>tale</strong></span> <span class='ocrx_word' id='word_1_118' title='bbox 1242 2070 1286 2115; x_wconf 84' lang='lat' dir='ltr'><strong>par</strong></span> <span class='ocrx_word' id='word_1_119' title='bbox 1304 2055 1346 2102; x_wconf 84' lang='lat' dir='ltr'><strong>de·</strong></span> 
     </span>
     <span class='ocr_line' id='line_1_16' title="bbox 315 2143 450 2202; baseline 0.015 -15"><span class='ocrx_word' id='word_1_120' title='bbox 315 2143 450 2202; x_wconf 85' lang='lat' dir='ltr'>prompsit:</span> 
     </span>
     <span class='ocr_line' id='line_1_17' title="bbox 382 2218 1344 2290; baseline 0 -16"><span class='ocrx_word' id='word_1_121' title='bbox 382 2228 449 2287; x_wconf 80' lang='lat' dir='ltr'><strong>Sept,</strong></span> <span class='ocrx_word' id='word_1_122' title='bbox 474 2243 516 2274; x_wconf 86' lang='lat' dir='ltr'><strong>vv.</strong></span> <span class='ocrx_word' id='word_1_123' title='bbox 538 2229 586 2275; x_wconf 90' lang='grc'><strong>299</strong></span> <span class='ocrx_word' id='word_1_124' title='bbox 604 2240 636 2274; x_wconf 79' lang='grc' dir='ltr'><strong>ω</strong></span> <span class='ocrx_word' id='word_1_125' title='bbox 654 2227 703 2274; x_wconf 84' lang='grc'><strong>316</strong></span> <span class='ocrx_word' id='word_1_126' title='bbox 730 2220 848 2275; x_wconf 82' lang='grc' dir='ltr'><strong>ἰάπτουσι</strong></span> <span class='ocrx_word' id='word_1_127' title='bbox 870 2223 983 2281; x_wconf 80' lang='grc' dir='ltr'><strong>πολίταις</strong></span> <span class='ocrx_word' id='word_1_128' title='bbox 1001 2238 1034 2273; x_wconf 74' lang='grc' dir='ltr'>ω</span> <span class='ocrx_word' id='word_1_129' title='bbox 1052 2221 1208 2290; x_wconf 77' lang='grc' dir='ltr'>ἐμβαλόντες</span> <span class='ocrx_word' id='word_1_130' title='bbox 1230 2218 1344 2288; x_wconf 58' lang='grc' dir='ltr'><strong><em>ἄροισθε.</em></strong></span> 
     </span>
     <span class='ocr_line' id='line_1_18' title="bbox 314 2310 1344 2372; baseline -0.001 -13"><span class='ocrx_word' id='word_1_131' title='bbox 314 2312 361 2360; x_wconf 84' lang='lat' dir='ltr'><strong>Sed</strong></span> <span class='ocrx_word' id='word_1_132' title='bbox 380 2328 410 2360; x_wconf 88' lang='lat' dir='ltr'><strong>uo</strong></span> <span class='ocrx_word' id='word_1_133' title='bbox 428 2312 463 2360; x_wconf 92' lang='lat' dir='ltr'><strong>ibi</strong></span> <span class='ocrx_word' id='word_1_134' title='bbox 481 2313 580 2372; x_wconf 88' lang='lat' dir='ltr'><strong>quidem</strong></span> <span class='ocrx_word' id='word_1_135' title='bbox 605 2312 669 2357; x_wconf 86' lang='lat' dir='ltr'><strong>huno</strong></span> <span class='ocrx_word' id='word_1_136' title='bbox 694 2311 765 2358; x_wconf 83' lang='lat' dir='ltr'><strong>metri</strong></span> <span class='ocrx_word' id='word_1_137' title='bbox 784 2311 975 2371; x_wconf 84' lang='lat' dir='ltr'><strong>discrepantiam</strong></span> <span class='ocrx_word' id='word_1_138' title='bbox 999 2310 1221 2372; x_wconf 79' lang='lat' dir='ltr'><strong>comprobaverim.</strong></span> <span class='ocrx_word' id='word_1_139' title='bbox 1257 2312 1344 2368; x_wconf 88' lang='lat' dir='ltr'><strong>Immo,</strong></span> 
     </span>
     <span class='ocr_line' id='line_1_19' title="bbox 314 2396 857 2459; baseline 0 -15"><span class='ocrx_word' id='word_1_140' title='bbox 314 2414 355 2445; x_wconf 86' lang='lat' dir='ltr'><strong>vv.</strong></span> <span class='ocrx_word' id='word_1_141' title='bbox 375 2401 422 2448; x_wconf 87' lang='grc'><strong>299</strong></span> <span class='ocrx_word' id='word_1_142' title='bbox 442 2413 479 2458; x_wconf 85' lang='lat' dir='ltr'><strong>sq.</strong></span> <span class='ocrx_word' id='word_1_143' title='bbox 497 2398 626 2459; x_wconf 75' lang='lat' dir='ltr'>transponi</span> <span class='ocrx_word' id='word_1_144' title='bbox 643 2397 709 2443; x_wconf 84' lang='lat' dir='ltr'><strong>inter</strong></span> <span class='ocrx_word' id='word_1_145' title='bbox 726 2411 752 2443; x_wconf 88' lang='lat' dir='ltr'><strong>se</strong></span> <span class='ocrx_word' id='word_1_146' title='bbox 770 2396 857 2444; x_wconf 86' lang='lat' dir='ltr'><strong>iubeo:</strong></span> 
     </span>
    </p>
   </div>
   <div class='ocr_carea' id='block_1_4' title="bbox 572 2477 985 2566">
    <p class='ocr_par' dir='ltr' id='par_1_8' title="bbox 572 2477 985 2566">
     <span class='ocr_line' id='line_1_20' title="bbox 572 2477 985 2566; baseline -0.019 -17"><span class='ocrx_word' id='word_1_147' title='bbox 572 2503 622 2551; x_wconf 85' lang='lat' dir='ltr'><strong>eoo</strong></span> <span class='ocrx_word' id='word_1_148' title='bbox 636 2514 668 2549; x_wconf 76' lang='grc' dir='ltr'>ω</span> <span class='ocrx_word' id='word_1_149' title='bbox 685 2503 734 2548; x_wconf 80' lang='grc' dir='ltr'><strong>ιιι</strong></span> <span class='ocrx_word' id='word_1_150' title='bbox 752 2477 985 2566; x_wconf 66' lang='lat' dir='ltr'><strong>-oi-nni.nii</strong></span> 
     </span>
    </p>
   </div>
   <div class='ocr_carea' id='block_1_5' title="bbox 314 2582 1341 2925">
    <p class='ocr_par' dir='ltr' id='par_1_9' title="bbox 314 2582 1341 2925">
     <span class='ocr_line' id='line_1_21' title="bbox 572 2582 989 2668; baseline -0.005 -16"><span class='ocrx_word' id='word_1_151' title='bbox 572 2605 732 2652; x_wconf 78' lang='grc' dir='ltr'><strong><em>νοοωοιι</em></strong></span> <span class='ocrx_word' id='word_1_152' title='bbox 750 2582 989 2668; x_wconf 42' lang='lat' dir='ltr'><strong>alanis.</strong></span> 
     </span>
     <span class='ocr_line' id='line_1_22' title="bbox 317 2687 1198 2750; baseline 0.001 -16"><span class='ocrx_word' id='word_1_153' title='bbox 317 2689 380 2736; x_wconf 88' lang='lat' dir='ltr'><strong>Vide</strong></span> <span class='ocrx_word' id='word_1_154' title='bbox 397 2690 447 2736; x_wconf 91' lang='lat' dir='ltr'><strong>iam</strong></span> <span class='ocrx_word' id='word_1_155' title='bbox 465 2703 539 2749; x_wconf 92' lang='lat' dir='ltr'><strong>quam</strong></span> <span class='ocrx_word' id='word_1_156' title='bbox 557 2694 614 2750; x_wconf 84' lang='lat' dir='ltr'><strong>apte</strong></span> <span class='ocrx_word' id='word_1_157' title='bbox 631 2695 734 2748; x_wconf 86' lang='lat' dir='ltr'><strong>utraque</strong></span> <span class='ocrx_word' id='word_1_158' title='bbox 752 2690 867 2750; x_wconf 78' lang='lat' dir='ltr'><strong>periodus</strong></span> <span class='ocrx_word' id='word_1_159' title='bbox 885 2705 945 2737; x_wconf 88' lang='lat' dir='ltr'><strong>voce</strong></span> <span class='ocrx_word' id='word_1_160' title='bbox 964 2687 1076 2746; x_wconf 77' lang='grc' dir='ltr'><strong>πολίταις</strong></span> <span class='ocrx_word' id='word_1_161' title='bbox 1092 2690 1198 2737; x_wconf 79' lang='lat' dir='ltr'><strong>finiatur.</strong></span> 
     </span>
     <span class='ocr_line' id='line_1_23' title="bbox 382 2775 1341 2836; baseline 0 -14"><span class='ocrx_word' id='word_1_162' title='bbox 382 2777 434 2822; x_wconf 88' lang='lat' dir='ltr'><strong>Neo</strong></span> <span class='ocrx_word' id='word_1_163' title='bbox 459 2790 508 2822; x_wconf 91' lang='lat' dir='ltr'><strong>non</strong></span> <span class='ocrx_word' id='word_1_164' title='bbox 533 2776 558 2823; x_wconf 87' lang='lat' dir='ltr'><strong>in</strong></span> <span class='ocrx_word' id='word_1_165' title='bbox 583 2776 782 2836; x_wconf 80' lang='lat' dir='ltr'><strong>praecedentium</strong></span> <span class='ocrx_word' id='word_1_166' title='bbox 806 2789 922 2822; x_wconf 82' lang='lat' dir='ltr'><strong>versuum</strong></span> <span class='ocrx_word' id='word_1_167' title='bbox 946 2789 991 2835; x_wconf 81' lang='lat' dir='ltr'><strong>por</strong></span> <span class='ocrx_word' id='word_1_168' title='bbox 1019 2776 1104 2822; x_wconf 85' lang='lat' dir='ltr'><strong>eadem</strong></span> <span class='ocrx_word' id='word_1_169' title='bbox 1129 2775 1225 2822; x_wconf 82' lang='lat' dir='ltr'><strong>basium</strong></span> <span class='ocrx_word' id='word_1_170' title='bbox 1251 2775 1341 2822; x_wconf 84' lang='lat' dir='ltr'><strong>discre-</strong></span> 
     </span>
     <span class='ocr_line' id='line_1_24' title="bbox 314 2853 1341 2925; baseline 0.001 -18"><span class='ocrx_word' id='word_1_171' title='bbox 314 2861 399 2920; x_wconf 84' lang='lat' dir='ltr'>pantia</span> <span class='ocrx_word' id='word_1_172' title='bbox 419 2860 488 2908; x_wconf 87' lang='lat' dir='ltr'>iliata</span> <span class='ocrx_word' id='word_1_173' title='bbox 512 2867 557 2921; x_wconf 83' lang='lat' dir='ltr'><strong>est,</strong></span> <span class='ocrx_word' id='word_1_174' title='bbox 581 2877 624 2908; x_wconf 87' lang='lat' dir='ltr'><strong>vv.</strong></span> <span class='ocrx_word' id='word_1_175' title='bbox 643 2863 692 2910; x_wconf 91' lang='grc'><strong>298</strong></span> <span class='ocrx_word' id='word_1_176' title='bbox 711 2875 744 2910; x_wconf 77' lang='grc' dir='ltr'><strong>ω</strong></span> <span class='ocrx_word' id='word_1_177' title='bbox 763 2861 826 2907; x_wconf 79' lang='lat'>³15:</span> <span class='ocrx_word' id='word_1_178' title='bbox 851 2857 890 2910; x_wconf 81' lang='grc' dir='ltr'><strong><em>τολ</em></strong></span> <span class='ocrx_word' id='word_1_179' title='bbox 913 2855 936 2909; x_wconf 80' lang='grc' dir='ltr'><strong>δ’</strong></span> <span class='ocrx_word' id='word_1_180' title='bbox 956 2853 994 2910; x_wconf 77' lang='grc' dir='ltr'><strong>ἐπ’</strong></span> <span class='ocrx_word' id='word_1_181' title='bbox 1012 2853 1191 2925; x_wconf 71' lang='grc' dir='ltr'><strong><em>ἀμφιβόλοισιν</em></strong></span> <span class='ocrx_word' id='word_1_182' title='bbox 1209 2874 1241 2908; x_wconf 78' lang='grc' dir='ltr'><strong><em>ω</em></strong></span> <span class='ocrx_word' id='word_1_183' title='bbox 1260 2854 1341 2920; x_wconf 79' lang='grc' dir='ltr'><strong><em>νόσον,</em></strong></span> 
     </span>
    </p>
   </div>
   <div class='ocr_carea' id='block_1_6' title="bbox 316 2937 1341 3009">
    <p class='ocr_par' dir='ltr' id='par_1_10' title="bbox 316 2937 1341 3009">
     <span class='ocr_line' id='line_1_25' title="bbox 316 2937 1341 3009; baseline -0.004 -13"><span class='ocrx_word' id='word_1_184' title='bbox 316 2943 434 3009; x_wconf 79' lang='grc' dir='ltr'><strong>ῥίψοπλον</strong></span> <span class='ocrx_word' id='word_1_185' title='bbox 453 2937 522 3006; x_wconf 79' lang='grc' dir='ltr'><strong><em>ἄταν,</em></strong></span> <span class='ocrx_word' id='word_1_186' title='bbox 548 2948 690 3006; x_wconf 80' lang='lat' dir='ltr'><strong>coniectura</strong></span> <span class='ocrx_word' id='word_1_187' title='bbox 706 2947 800 2994; x_wconf 84' lang='lat' dir='ltr'><strong>scilicet</strong></span> <span class='ocrx_word' id='word_1_188' title='bbox 817 2947 949 3006; x_wconf 80' lang='lat' dir='ltr'>Dindoriii,</span> <span class='ocrx_word' id='word_1_189' title='bbox 968 2960 1042 3006; x_wconf 84' lang='lat' dir='ltr'><strong>qnam</strong></span> <span class='ocrx_word' id='word_1_190' title='bbox 1059 2946 1152 2993; x_wconf 85' lang='lat' dir='ltr'><strong>idcireo</strong></span> <span class='ocrx_word' id='word_1_191' title='bbox 1172 2959 1273 3005; x_wconf 83' lang='lat' dir='ltr'>pravam</span> <span class='ocrx_word' id='word_1_192' title='bbox 1292 2946 1341 2992; x_wconf 87' lang='lat' dir='ltr'><strong>exi·</strong></span> 
     </span>
    </p>
   </div>
   <div class='ocr_carea' id='block_1_7' title="bbox 288 3031 1340 3130">
    <p class='ocr_par' dir='ltr' id='par_1_11' title="bbox 288 3031 1340 3130">
     <span class='ocr_line' id='line_1_26' title="bbox 288 3031 1340 3130; baseline -0.001 -17"><span class='ocrx_word' id='word_1_193' title='bbox 288 3045 291 3050; x_wconf 32' lang='grc' dir='ltr'>Ι</span> <span class='ocrx_word' id='word_1_194' title='bbox 314 3066 394 3113; x_wconf 86' lang='lat' dir='ltr'><strong>etimo.</strong></span> <span class='ocrx_word' id='word_1_195' title='bbox 439 3063 625 3128; x_wconf 85' lang='grc' dir='ltr'><strong><em>καταρίψοπλον</em></strong></span> <span class='ocrx_word' id='word_1_196' title='bbox 644 3067 743 3114; x_wconf 84' lang='lat' dir='ltr'><strong>exhibet</strong></span> <span class='ocrx_word' id='word_1_197' title='bbox 767 3068 844 3114; x_wconf 85' lang='lat' dir='ltr'><strong>oodex</strong></span> <span class='ocrx_word' id='word_1_198' title='bbox 867 3068 902 3128; x_wconf 79' lang='lat' dir='ltr'><strong>M,</strong></span> <span class='ocrx_word' id='word_1_199' title='bbox 928 3063 972 3115; x_wconf 82' lang='grc' dir='ltr'><strong>καλ</strong></span> <span class='ocrx_word' id='word_1_200' title='bbox 995 3031 1149 3129; x_wconf 69' lang='grc' dir='ltr'><strong><em>τδίρίψοπλον</em></strong></span> <span class='ocrx_word' id='word_1_201' title='bbox 1166 3081 1190 3112; x_wconf 87' lang='lat' dir='ltr'><strong>m</strong></span> <span class='ocrx_word' id='word_1_202' title='bbox 1213 3067 1256 3130; x_wconf 89' lang='lat'><strong>(=</strong></span> <span class='ocrx_word' id='word_1_203' title='bbox 1275 3080 1340 3112; x_wconf 85' lang='lat' dir='ltr'><strong>mon.</strong></span> 
     </span>
    </p>
   </div>
   <div class='ocr_carea' id='block_1_8' title="bbox 306 3147 1342 4247">
    <p class='ocr_par' dir='ltr' id='par_1_12' title="bbox 313 3147 1341 3298">
     <span class='ocr_line' id='line_1_27' title="bbox 313 3147 1341 3215; baseline 0.003 -18"><span class='ocrx_word' id='word_1_204' title='bbox 313 3155 384 3210; x_wconf 77' lang='lat' dir='ltr'>seo),</span> <span class='ocrx_word' id='word_1_205' title='bbox 402 3166 447 3211; x_wconf 85' lang='lat' dir='ltr'><strong>pro</strong></span> <span class='ocrx_word' id='word_1_206' title='bbox 465 3166 514 3211; x_wconf 90' lang='lat' dir='ltr'><strong>quo</strong></span> <span class='ocrx_word' id='word_1_207' title='bbox 532 3148 614 3214; x_wconf 78' lang='grc' dir='ltr'><strong><em>νρσον,</em></strong></span> <span class='ocrx_word' id='word_1_208' title='bbox 634 3148 753 3215; x_wconf 76' lang='grc' dir='ltr'><strong><em>ῥίψοπλον</em></strong></span> <span class='ocrx_word' id='word_1_209' title='bbox 770 3152 876 3199; x_wconf 82' lang='lat' dir='ltr'><strong>restituit</strong></span> <span class='ocrx_word' id='word_1_210' title='bbox 891 3151 927 3198; x_wconf 82' lang='lat' dir='ltr'><strong>vir</strong></span> <span class='ocrx_word' id='word_1_211' title='bbox 945 3152 988 3198; x_wconf 87' lang='lat' dir='ltr'><strong>illo</strong></span> <span class='ocrx_word' id='word_1_212' title='bbox 1006 3152 1107 3213; x_wconf 73' lang='lat' dir='ltr'><strong>doetus3</strong></span> <span class='ocrx_word' id='word_1_213' title='bbox 1127 3149 1204 3214; x_wconf 79' lang='grc' dir='ltr'><strong><em>κῆρα,</em></strong></span> <span class='ocrx_word' id='word_1_214' title='bbox 1223 3147 1341 3214; x_wconf 72' lang='grc' dir='ltr'><strong><em>ῥίψοπλον</em></strong></span> 
     </span>
     <span class='ocr_line' id='line_1_28' title="bbox 315 3236 977 3298; baseline 0.006 -16"><span class='ocrx_word' id='word_1_215' title='bbox 315 3237 419 3284; x_wconf 87' lang='lat' dir='ltr'>ooniooit</span> <span class='ocrx_word' id='word_1_216' title='bbox 436 3237 572 3284; x_wconf 87' lang='lat' dir='ltr'>Lowinski.</span> <span class='ocrx_word' id='word_1_217' title='bbox 608 3236 657 3296; x_wconf 82' lang='lat' dir='ltr'>(Gi.</span> <span class='ocrx_word' id='word_1_218' title='bbox 677 3238 814 3285; x_wconf 82' lang='lat' dir='ltr'>Wecklein.</span> <span class='ocrx_word' id='word_1_219' title='bbox 833 3239 870 3286; x_wconf 89' lang='lat' dir='ltr'><strong>ed.</strong></span> <span class='ocrx_word' id='word_1_220' title='bbox 892 3240 977 3298; x_wconf 89' lang='grc'><strong>1885.)</strong></span> 
     </span>
    </p>

    <p class='ocr_par' dir='ltr' id='par_1_13' title="bbox 385 3322 1342 3382">
     <span class='ocr_line' id='line_1_29' title="bbox 385 3322 1342 3382; baseline 0.002 -15"><span class='ocrx_word' id='word_1_221' title='bbox 385 3323 440 3370; x_wconf 82' lang='lat' dir='ltr'><strong>Meo</strong></span> <span class='ocrx_word' id='word_1_222' title='bbox 459 3322 512 3369; x_wconf 89' lang='lat' dir='ltr'><strong>iure</strong></span> <span class='ocrx_word' id='word_1_223' title='bbox 536 3322 612 3382; x_wconf 83' lang='lat' dir='ltr'><strong>igitur</strong></span> <span class='ocrx_word' id='word_1_224' title='bbox 633 3328 741 3370; x_wconf 81' lang='lat' dir='ltr'><strong>statuere</strong></span> <span class='ocrx_word' id='word_1_225' title='bbox 765 3323 825 3370; x_wconf 92' lang='lat' dir='ltr'><strong>mihi</strong></span> <span class='ocrx_word' id='word_1_226' title='bbox 843 3323 943 3371; x_wconf 86' lang='lat' dir='ltr'><strong>videor:</strong></span> <span class='ocrx_word' id='word_1_227' title='bbox 968 3328 1062 3370; x_wconf 86' lang='lat' dir='ltr'><strong>certum</strong></span> <span class='ocrx_word' id='word_1_228' title='bbox 1088 3322 1255 3382; x_wconf 81' lang='lat' dir='ltr'>responsionis</span> <span class='ocrx_word' id='word_1_229' title='bbox 1279 3322 1342 3369; x_wconf 86' lang='lat' dir='ltr'><strong>inter</strong></span> 
     </span>
    </p>

    <p class='ocr_par' dir='ltr' id='par_1_14' title="bbox 306 3406 1341 3982">
     <span class='ocr_line' id='line_1_30' title="bbox 314 3406 1341 3470; baseline 0.001 -18"><span class='ocrx_word' id='word_1_230' title='bbox 314 3406 456 3454; x_wconf 80' lang='lat' dir='ltr'><strong>trochaeum</strong></span> <span class='ocrx_word' id='word_1_231' title='bbox 474 3414 499 3455; x_wconf 86' lang='lat' dir='ltr'><strong>et</strong></span> <span class='ocrx_word' id='word_1_232' title='bbox 519 3407 628 3455; x_wconf 89' lang='lat' dir='ltr'><strong>iambum</strong></span> <span class='ocrx_word' id='word_1_233' title='bbox 652 3411 791 3470; x_wconf 81' lang='lat' dir='ltr'><strong>exemplum</strong></span> <span class='ocrx_word' id='word_1_234' title='bbox 810 3424 823 3456; x_wconf 87' lang='lat' dir='ltr'><strong>e</strong></span> <span class='ocrx_word' id='word_1_235' title='bbox 841 3409 941 3469; x_wconf 80' lang='lat' dir='ltr'><strong>tragicis</strong></span> <span class='ocrx_word' id='word_1_236' title='bbox 965 3409 1069 3468; x_wconf 81' lang='lat' dir='ltr'><strong>proferri</strong></span> <span class='ocrx_word' id='word_1_237' title='bbox 1092 3422 1141 3455; x_wconf 90' lang='lat' dir='ltr'><strong>non</strong></span> <span class='ocrx_word' id='word_1_238' title='bbox 1165 3421 1251 3467; x_wconf 81' lang='lat' dir='ltr'><strong>poseo,</strong></span> <span class='ocrx_word' id='word_1_239' title='bbox 1277 3411 1341 3454; x_wconf 85' lang='lat' dir='ltr'><strong>certo</strong></span> 
     </span>
     <span class='ocr_line' id='line_1_31' title="bbox 313 3492 887 3553; baseline 0.005 -16"><span class='ocrx_word' id='word_1_240' title='bbox 313 3506 363 3538; x_wconf 89' lang='lat' dir='ltr'><strong>non</strong></span> <span class='ocrx_word' id='word_1_241' title='bbox 382 3507 412 3538; x_wconf 83' lang='lat' dir='ltr'><strong>ex</strong></span> <span class='ocrx_word' id='word_1_242' title='bbox 429 3492 552 3552; x_wconf 83' lang='lat' dir='ltr'><strong>Euripide.</strong></span> <span class='ocrx_word' id='word_1_243' title='bbox 573 3520 605 3528; x_wconf 90' lang='lat'>-</span> <span class='ocrx_word' id='word_1_244' title='bbox 624 3493 661 3542; x_wconf 83' lang='lat' dir='ltr'><strong>cf.</strong></span> <span class='ocrx_word' id='word_1_245' title='bbox 680 3500 786 3540; x_wconf 81' lang='lat' dir='ltr'><strong>ceterum</strong></span> <span class='ocrx_word' id='word_1_246' title='bbox 805 3509 827 3553; x_wconf 86' lang='lat' dir='ltr'><strong>p.</strong></span> <span class='ocrx_word' id='word_1_247' title='bbox 847 3497 887 3542; x_wconf 86' lang='grc'><strong>25.</strong></span> 
     </span>
     <span class='ocr_line' id='line_1_32' title="bbox 306 3565 1341 3640; baseline 0 -15"><span class='ocrx_word' id='word_1_248' title='bbox 306 3565 309 3572; x_wconf 55' lang='grc'><strong>’</strong></span> <span class='ocrx_word' id='word_1_249' title='bbox 386 3576 410 3638; x_wconf 85' lang='grc'><strong>1)</strong></span> <span class='ocrx_word' id='word_1_250' title='bbox 430 3574 498 3629; x_wconf 74' lang='grc' dir='ltr'><strong><em>ἔνδον</em></strong></span> <span class='ocrx_word' id='word_1_251' title='bbox 516 3580 587 3626; x_wconf 87' lang='lat' dir='ltr'><strong>oodd.</strong></span> <span class='ocrx_word' id='word_1_252' title='bbox 607 3579 709 3640; x_wconf 66' lang='lat' dir='ltr'><strong>(Klots,</strong></span> <span class='ocrx_word' id='word_1_253' title='bbox 728 3580 834 3638; x_wconf 73' lang='lat' dir='ltr'><strong>Nauck,</strong></span> <span class='ocrx_word' id='word_1_254' title='bbox 852 3579 993 3638; x_wconf 80' lang='lat' dir='ltr'><strong>Schmidt),</strong></span> <span class='ocrx_word' id='word_1_255' title='bbox 1011 3578 1077 3637; x_wconf 89' lang='lat' dir='ltr'><strong>quod</strong></span> <span class='ocrx_word' id='word_1_256' title='bbox 1094 3578 1242 3626; x_wconf 84' lang='lat' dir='ltr'><strong>vocabulum</strong></span> <span class='ocrx_word' id='word_1_257' title='bbox 1260 3584 1341 3625; x_wconf 88' lang='lat' dir='ltr'><strong>tamen</strong></span> 
     </span>
     <span class='ocr_line' id='line_1_33' title="bbox 313 3660 1340 3725; baseline -0.001 -14"><span class='ocrx_word' id='word_1_258' title='bbox 313 3664 388 3711; x_wconf 86' lang='lat' dir='ltr'><strong>vaide</strong></span> <span class='ocrx_word' id='word_1_259' title='bbox 407 3670 444 3711; x_wconf 87' lang='lat' dir='ltr'><strong>ost</strong></span> <span class='ocrx_word' id='word_1_260' title='bbox 467 3671 615 3724; x_wconf 85' lang='lat' dir='ltr'><strong>suspectum.</strong></span> <span class='ocrx_word' id='word_1_261' title='bbox 658 3666 835 3724; x_wconf 77' lang='lat' dir='ltr'><strong>Exsequantur</strong></span> <span class='ocrx_word' id='word_1_262' title='bbox 858 3680 958 3724; x_wconf 84' lang='lat' dir='ltr'>vorsus,</span> <span class='ocrx_word' id='word_1_263' title='bbox 984 3666 1005 3713; x_wconf 88' lang='lat' dir='ltr'><strong>si</strong></span> <span class='ocrx_word' id='word_1_264' title='bbox 1031 3660 1092 3714; x_wconf 75' lang='grc' dir='ltr'><strong><em>ἐνυλν</em></strong></span> <span class='ocrx_word' id='word_1_265' title='bbox 1114 3665 1176 3725; x_wconf 83' lang='lat' dir='ltr'><strong>legis</strong></span> <span class='ocrx_word' id='word_1_266' title='bbox 1201 3679 1257 3711; x_wconf 89' lang='lat' dir='ltr'><strong>oum</strong></span> <span class='ocrx_word' id='word_1_267' title='bbox 1274 3665 1340 3711; x_wconf 85' lang='lat' dir='ltr'><strong>Mus·</strong></span> 
     </span>
     <span class='ocr_line' id='line_1_34' title="bbox 314 3747 1341 3813; baseline 0.001 -17"><span class='ocrx_word' id='word_1_268' title='bbox 314 3749 414 3810; x_wconf 83' lang='lat' dir='ltr'>gravio,</span> <span class='ocrx_word' id='word_1_269' title='bbox 440 3751 588 3797; x_wconf 82' lang='lat' dir='ltr'>Markiando</span> <span class='ocrx_word' id='word_1_270' title='bbox 613 3752 724 3810; x_wconf 78' lang='lat' dir='ltr'><strong>(Herm,</strong></span> <span class='ocrx_word' id='word_1_271' title='bbox 751 3753 839 3810; x_wconf 76' lang='lat' dir='ltr'>Dino,</span> <span class='ocrx_word' id='word_1_272' title='bbox 867 3751 965 3813; x_wconf 85' lang='lat' dir='ltr'><strong>Weii.);</strong></span> <span class='ocrx_word' id='word_1_273' title='bbox 992 3747 1059 3801; x_wconf 68' lang='lat' dir='ltr'><strong>iton</strong></span> <span class='ocrx_word' id='word_1_274' title='bbox 1086 3751 1164 3798; x_wconf 89' lang='lat' dir='ltr'><strong>voluit</strong></span> <span class='ocrx_word' id='word_1_275' title='bbox 1189 3749 1341 3797; x_wconf 74' lang='lat' dir='ltr'><strong>Fritzsohius</strong></span> 
     </span>
     <span class='ocr_line' id='line_1_35' title="bbox 313 3835 1341 3897; baseline 0.001 -16"><span class='ocrx_word' id='word_1_276' title='bbox 313 3835 414 3895; x_wconf 85' lang='lat' dir='ltr'><strong>(Philol.</strong></span> <span class='ocrx_word' id='word_1_277' title='bbox 437 3837 488 3883; x_wconf 86' lang='lat' dir='ltr'>voi.</span> <span class='ocrx_word' id='word_1_278' title='bbox 508 3837 561 3884; x_wconf 87' lang='lat' dir='ltr'><strong>XII</strong></span> <span class='ocrx_word' id='word_1_279' title='bbox 585 3852 608 3896; x_wconf 87' lang='lat' dir='ltr'><strong>p.</strong></span> <span class='ocrx_word' id='word_1_280' title='bbox 629 3835 672 3897; x_wconf 80' lang='grc'><strong>77)</strong></span> <span class='ocrx_word' id='word_1_281' title='bbox 694 3837 788 3896; x_wconf 85' lang='lat' dir='ltr'><strong>impetu</strong></span> <span class='ocrx_word' id='word_1_282' title='bbox 811 3837 842 3883; x_wconf 83' lang='lat' dir='ltr'><strong>ab</strong></span> <span class='ocrx_word' id='word_1_283' title='bbox 861 3837 1002 3883; x_wconf 77' lang='lat' dir='ltr'><strong>Hermanno</strong></span> <span class='ocrx_word' id='word_1_284' title='bbox 1028 3840 1137 3895; x_wconf 81' lang='lat' dir='ltr'><strong>accepto,</strong></span> <span class='ocrx_word' id='word_1_285' title='bbox 1162 3836 1205 3895; x_wconf 90' lang='lat' dir='ltr'><strong>qui</strong></span> <span class='ocrx_word' id='word_1_286' title='bbox 1230 3835 1255 3881; x_wconf 94' lang='lat' dir='ltr'><strong>in</strong></span> <span class='ocrx_word' id='word_1_287' title='bbox 1279 3849 1341 3882; x_wconf 88' lang='lat' dir='ltr'><strong>vooe</strong></span> 
     </span>
     <span class='ocr_line' id='line_1_36' title="bbox 313 3917 968 3982; baseline -0.002 -12"><span class='ocrx_word' id='word_1_288' title='bbox 313 3917 381 3971; x_wconf 77' lang='grc' dir='ltr'><strong><em>ἔνδον</em></strong></span> <span class='ocrx_word' id='word_1_289' title='bbox 399 3922 535 3980; x_wconf 85' lang='lat' dir='ltr'><strong>genitivum</strong></span> <span class='ocrx_word' id='word_1_290' title='bbox 554 3923 676 3980; x_wconf 86' lang='lat' dir='ltr'><strong>quendum</strong></span> <span class='ocrx_word' id='word_1_291' title='bbox 694 3923 771 3970; x_wconf 82' lang='lat' dir='ltr'><strong>latere</strong></span> <span class='ocrx_word' id='word_1_292' title='bbox 789 3923 968 3982; x_wconf 82' lang='lat' dir='ltr'><strong>suspicabatur.</strong></span> 
     </span>
    </p>

    <p class='ocr_par' dir='ltr' id='par_1_15' title="bbox 382 4006 987 4068">
     <span class='ocr_line' id='line_1_37' title="bbox 382 4006 987 4068; baseline 0.002 -16"><span class='ocrx_word' id='word_1_293' title='bbox 382 4009 409 4064; x_wconf 89' lang='grc'><strong>2)</strong></span> <span class='ocrx_word' id='word_1_294' title='bbox 427 4006 463 4054; x_wconf 76' lang='lat' dir='ltr'><strong>ci.</strong></span> <span class='ocrx_word' id='word_1_295' title='bbox 482 4022 557 4067; x_wconf 87' lang='lat' dir='ltr'>supra</span> <span class='ocrx_word' id='word_1_296' title='bbox 574 4008 648 4068; x_wconf 87' lang='lat' dir='ltr'><strong>Soph.</strong></span> <span class='ocrx_word' id='word_1_297' title='bbox 668 4007 697 4055; x_wconf 90' lang='lat'><strong>0.</strong></span> <span class='ocrx_word' id='word_1_298' title='bbox 718 4007 744 4056; x_wconf 83' lang='lat' dir='ltr'><strong>C.</strong></span> <span class='ocrx_word' id='word_1_299' title='bbox 765 4023 806 4054; x_wconf 86' lang='lat' dir='ltr'><strong>vv.</strong></span> <span class='ocrx_word' id='word_1_300' title='bbox 827 4011 873 4056; x_wconf 88' lang='grc'><strong>511</strong></span> <span class='ocrx_word' id='word_1_301' title='bbox 895 4022 927 4056; x_wconf 76' lang='grc' dir='ltr'>ω</span> <span class='ocrx_word' id='word_1_302' title='bbox 947 4009 987 4055; x_wconf 84' lang='grc'><strong>23.</strong></span> 
     </span>
    </p>

    <p class='ocr_par' dir='ltr' id='par_1_16' title="bbox 312 4083 1340 4247">
     <span class='ocr_line' id='line_1_38' title="bbox 382 4083 1340 4159; baseline -0.001 -20"><span class='ocrx_word' id='word_1_303' title='bbox 382 4090 407 4152; x_wconf 84' lang='grc'><strong>3)</strong></span> <span class='ocrx_word' id='word_1_304' title='bbox 425 4085 597 4144; x_wconf 85' lang='grc' dir='ltr'><strong><em>Ἑλικωνίδων</em></strong></span> <span class='ocrx_word' id='word_1_305' title='bbox 616 4095 670 4140; x_wconf 90' lang='lat' dir='ltr'><strong>ood.</strong></span> <span class='ocrx_word' id='word_1_306' title='bbox 690 4090 916 4159; x_wconf 61' lang='lat' dir='ltr'><strong>(moga-Wadi..</strong></span> <span class='ocrx_word' id='word_1_307' title='bbox 935 4093 1019 4140; x_wconf 86' lang='lat' dir='ltr'><strong>Herm.</strong></span> <span class='ocrx_word' id='word_1_308' title='bbox 1037 4091 1076 4138; x_wconf 85' lang='lat' dir='ltr'><strong>El.</strong></span> <span class='ocrx_word' id='word_1_309' title='bbox 1095 4106 1120 4151; x_wconf 90' lang='lat' dir='ltr'><strong>p.</strong></span> <span class='ocrx_word' id='word_1_310' title='bbox 1139 4087 1211 4157; x_wconf 84' lang='grc'><strong>567)]</strong></span> <span class='ocrx_word' id='word_1_311' title='bbox 1232 4083 1340 4139; x_wconf 83' lang='grc' dir='ltr'>Ἑλικω-</span> 
     </span>
     <span class='ocr_line' id='line_1_39' title="bbox 312 4172 1340 4247; baseline -0.002 -23"><span class='ocrx_word' id='word_1_312' title='bbox 312 4172 405 4237; x_wconf 73' lang='grc' dir='ltr'><strong><em>νιάδων</em></strong></span> <span class='ocrx_word' id='word_1_313' title='bbox 423 4179 556 4227; x_wconf 84' lang='lat' dir='ltr'>Barnesius</span> <span class='ocrx_word' id='word_1_314' title='bbox 574 4179 668 4244; x_wconf 84' lang='lat' dir='ltr'><strong>(Herm.</strong></span> <span class='ocrx_word' id='word_1_315' title='bbox 687 4179 711 4225; x_wconf 93' lang='lat' dir='ltr'><strong>in</strong></span> <span class='ocrx_word' id='word_1_316' title='bbox 731 4181 777 4238; x_wconf 82' lang='lat' dir='ltr'><strong>ed,</strong></span> <span class='ocrx_word' id='word_1_317' title='bbox 798 4179 909 4240; x_wconf 83' lang='lat' dir='ltr'><strong>plerique</strong></span> <span class='ocrx_word' id='word_1_318' title='bbox 927 4177 1066 4247; x_wconf 84' lang='lat' dir='ltr'><strong>editorum).</strong></span> <span class='ocrx_word' id='word_1_319' title='bbox 1101 4176 1139 4224; x_wconf 80' lang='lat' dir='ltr'><strong>Cf.</strong></span> <span class='ocrx_word' id='word_1_320' title='bbox 1153 4190 1228 4239; x_wconf 84' lang='lat' dir='ltr'>supra</span> <span class='ocrx_word' id='word_1_321' title='bbox 1245 4175 1340 4224; x_wconf 85' lang='lat' dir='ltr'><strong>similti-</strong></span> 
     </span>
    </p>
   </div>
   <div class='ocr_carea' id='block_1_9' title="bbox 0 0 1596 4916">
    <p class='ocr_par' dir='ltr' id='par_1_17' title="bbox 0 0 1596 4916">
     <span class='ocr_line' id='line_1_40' title="bbox 0 0 1596 4916; baseline 0 0"><span class='ocrx_word' id='word_1_322' title='bbox 0 0 1596 4916; x_wconf 95' lang='lat' dir='ltr'><strong> </strong></span> 
     </span>
    </p>
   </div>
  </div>
 </body>
</html>
