<?xml version="1.0" encoding="UTF-8"?>
<!DOCTYPE html PUBLIC "-//W3C//DTD XHTML 1.0 Transitional//EN"
    "http://www.w3.org/TR/xhtml1/DTD/xhtml1-transitional.dtd">
<html xmlns="http://www.w3.org/1999/xhtml" xml:lang="en" lang="en">
 <head>
  <title>
</title>
<meta http-equiv="Content-Type" content="text/html;charset=utf-8" />
  <meta name='ocr-system' content='tesseract 3.04.00' />
  <meta name='ocr-capabilities' content='ocr_page ocr_carea ocr_par ocr_line ocrx_word'/>
</head>
<body>
  <div class='ocr_page' id='page_1' title='image "./deeuripidisvers00groegoog_0052.png"; bbox 0 0 3184 4916; ppageno 0'>
   <div class='ocr_carea' id='block_1_1' title="bbox 636 469 849 538">
    <p class='ocr_par' dir='ltr' id='par_1_1' title="bbox 636 469 849 538">
     <span class='ocr_line' id='line_1_1' title="bbox 636 469 849 538; baseline 0.019 -20"><span class='ocrx_word' id='word_1_1' title='bbox 636 469 849 538; x_wconf 67' lang='lat'><strong>..43-</strong></span> 
     </span>
    </p>
   </div>
   <div class='ocr_carea' id='block_1_2' title="bbox 227 645 1255 1035">
    <p class='ocr_par' dir='ltr' id='par_1_2' title="bbox 227 645 1255 923">
     <span class='ocr_line' id='line_1_2' title="bbox 314 645 1255 725; baseline 0.004 -19"><span class='ocrx_word' id='word_1_2' title='bbox 314 650 349 706; x_wconf 91' lang='lat' dir='ltr'>In</span> <span class='ocrx_word' id='word_1_3' title='bbox 379 647 442 707; x_wconf 89' lang='lat' dir='ltr'>basi</span> <span class='ocrx_word' id='word_1_4' title='bbox 472 645 531 706; x_wconf 86' lang='lat' dir='ltr'>iam</span> <span class='ocrx_word' id='word_1_5' title='bbox 561 645 730 725; x_wconf 77' lang='lat' dir='ltr'>tribrachys</span> <span class='ocrx_word' id='word_1_6' title='bbox 766 666 833 706; x_wconf 91' lang='lat' dir='ltr'>cum</span> <span class='ocrx_word' id='word_1_7' title='bbox 862 649 994 724; x_wconf 76' lang='lat' dir='ltr'><strong>spondeo</strong></span> <span class='ocrx_word' id='word_1_8' title='bbox 1026 647 1175 708; x_wconf 86' lang='lat' dir='ltr'>consentit</span> <span class='ocrx_word' id='word_1_9' title='bbox 1205 648 1255 724; x_wconf 80' lang='lat' dir='ltr'>(cf.</span> 
     </span>
     <span class='ocr_line' id='line_1_3' title="bbox 227 741 1255 829; baseline -0.002 -19"><span class='ocrx_word' id='word_1_10' title='bbox 227 773 256 829; x_wconf 91' lang='lat' dir='ltr'>p.</span> <span class='ocrx_word' id='word_1_11' title='bbox 279 756 319 810; x_wconf 83' lang='lat'>25</span> <span class='ocrx_word' id='word_1_12' title='bbox 343 750 418 829; x_wconf 86' lang='lat' dir='ltr'><strong>sq.):</strong></span> <span class='ocrx_word' id='word_1_13' title='bbox 447 747 498 808; x_wconf 76' lang='grc' dir='ltr'><strong><em>ἵνα</em></strong></span> <span class='ocrx_word' id='word_1_14' title='bbox 527 741 632 828; x_wconf 79' lang='grc' dir='ltr'><em>δρόσοι</em></span> <span class='ocrx_word' id='word_1_15' title='bbox 659 741 798 829; x_wconf 77' lang='lat' dir='ltr'>re&#39;yycvc&#39;</span> <span class='ocrx_word' id='word_1_16' title='bbox 828 745 904 828; x_wconf 84' lang='grc' dir='ltr'><strong><em>λεραλ</em></strong></span> <span class='ocrx_word' id='word_1_17' title='bbox 922 762 955 799; x_wconf 99' lang='grc' dir='ltr'><strong><em>Ν</em></strong></span> <span class='ocrx_word' id='word_1_18' title='bbox 973 741 1011 809; x_wconf 79' lang='lat' dir='ltr'>ori</span> <span class='ocrx_word' id='word_1_19' title='bbox 1038 752 1164 820; x_wconf 82' lang='grc' dir='ltr'><em>θνατοῖς</em></span> <span class='ocrx_word' id='word_1_20' title='bbox 1191 741 1255 808; x_wconf 76' lang='grc' dir='ltr'><strong><em>ἀλλ’</em></strong></span> 
     </span>
     <span class='ocr_line' id='line_1_4' title="bbox 228 846 397 923; baseline -0.012 -9"><span class='ocrx_word' id='word_1_21' title='bbox 228 846 397 923; x_wconf 72' lang='grc' dir='ltr'><em>ἀθανάτοις</em></span> 
     </span>
    </p>

    <p class='ocr_par' dir='ltr' id='par_1_3' title="bbox 313 956 1183 1035">
     <span class='ocr_line' id='line_1_5' title="bbox 313 956 1183 1035; baseline -0.001 -20"><span class='ocrx_word' id='word_1_22' title='bbox 313 957 358 1016; x_wconf 88' lang='lat'>10.</span> <span class='ocrx_word' id='word_1_23' title='bbox 386 956 551 1016; x_wconf 64' lang='lat' dir='ltr'>urmes</span> <span class='ocrx_word' id='word_1_24' title='bbox 837 958 863 1017; x_wconf 91' lang='lat'>1.</span> <span class='ocrx_word' id='word_1_25' title='bbox 887 957 919 1017; x_wconf 81' lang='lat' dir='ltr'>u.</span> <span class='ocrx_word' id='word_1_26' title='bbox 944 956 1183 1035; x_wconf 62' lang='grc' dir='ltr'>τιοοωαι).</span> 
     </span>
    </p>
   </div>
   <div class='ocr_carea' id='block_1_3' title="bbox 314 1076 1255 1157">
    <p class='ocr_par' dir='ltr' id='par_1_4' title="bbox 314 1076 1255 1157">
     <span class='ocr_line' id='line_1_6' title="bbox 314 1076 1255 1157; baseline -0.002 -21"><span class='ocrx_word' id='word_1_27' title='bbox 314 1076 427 1136; x_wconf 91' lang='lat' dir='ltr'>Ultima</span> <span class='ocrx_word' id='word_1_28' title='bbox 456 1077 584 1157; x_wconf 90' lang='lat' dir='ltr'>denique</span> <span class='ocrx_word' id='word_1_29' title='bbox 613 1095 690 1156; x_wconf 89' lang='lat' dir='ltr'>quae</span> <span class='ocrx_word' id='word_1_30' title='bbox 718 1079 779 1136; x_wconf 92' lang='lat' dir='ltr'>huc</span> <span class='ocrx_word' id='word_1_31' title='bbox 800 1077 932 1156; x_wconf 78' lang='lat' dir='ltr'>pertinet</span> <span class='ocrx_word' id='word_1_32' title='bbox 953 1076 1049 1136; x_wconf 83' lang='lat' dir='ltr'>forma</span> <span class='ocrx_word' id='word_1_33' title='bbox 1070 1096 1105 1136; x_wconf 92' lang='lat' dir='ltr'>ec</span> <span class='ocrx_word' id='word_1_34' title='bbox 1128 1081 1174 1135; x_wconf 82' lang='lat' dir='ltr'>est</span> <span class='ocrx_word' id='word_1_35' title='bbox 1195 1095 1255 1134; x_wconf 91' lang='lat' dir='ltr'>me·</span> 
     </span>
    </p>
   </div>
   <div class='ocr_carea' id='block_1_4' title="bbox 143 1179 1256 1260">
    <p class='ocr_par' dir='ltr' id='par_1_5' title="bbox 143 1179 1256 1260">
     <span class='ocr_line' id='line_1_7' title="bbox 143 1179 1256 1260; baseline -0.004 -20"><span class='ocrx_word' id='word_1_36' title='bbox 143 1211 145 1218; x_wconf 57' lang='lat'>&gt;</span> <span class='ocrx_word' id='word_1_37' title='bbox 227 1179 388 1253; x_wconf 86' lang='lat' dir='ltr'>morabilis,</span> <span class='ocrx_word' id='word_1_38' title='bbox 415 1179 494 1260; x_wconf 90' lang='lat' dir='ltr'>quod</span> <span class='ocrx_word' id='word_1_39' title='bbox 516 1180 547 1238; x_wconf 91' lang='lat' dir='ltr'>in</span> <span class='ocrx_word' id='word_1_40' title='bbox 570 1180 634 1240; x_wconf 88' lang='lat' dir='ltr'>basi</span> <span class='ocrx_word' id='word_1_41' title='bbox 656 1179 762 1256; x_wconf 88' lang='lat' dir='ltr'>pedem</span> <span class='ocrx_word' id='word_1_42' title='bbox 784 1179 945 1240; x_wconf 86' lang='lat' dir='ltr'>tribrevem</span> <span class='ocrx_word' id='word_1_43' title='bbox 969 1184 1180 1254; x_wconf 74' lang='lat' dir='ltr'><strong>congruentem</strong></span> <span class='ocrx_word' id='word_1_44' title='bbox 1203 1198 1256 1236; x_wconf 86' lang='lat' dir='ltr'>ex-</span> 
     </span>
    </p>
   </div>
   <div class='ocr_carea' id='block_1_5' title="bbox 228 1281 1259 4234">
    <p class='ocr_par' dir='ltr' id='par_1_6' title="bbox 228 1281 1258 3007">
     <span class='ocr_line' id='line_1_8' title="bbox 228 1281 1255 1362; baseline -0.004 -19"><span class='ocrx_word' id='word_1_45' title='bbox 228 1283 313 1343; x_wconf 91' lang='lat' dir='ltr'>hibet</span> <span class='ocrx_word' id='word_1_46' title='bbox 344 1302 409 1342; x_wconf 93' lang='lat' dir='ltr'>cum</span> <span class='ocrx_word' id='word_1_47' title='bbox 440 1282 595 1360; x_wconf 86' lang='lat' dir='ltr'>dactylico.</span> <span class='ocrx_word' id='word_1_48' title='bbox 648 1283 693 1342; x_wconf 92' lang='lat' dir='ltr'>De</span> <span class='ocrx_word' id='word_1_49' title='bbox 732 1303 791 1362; x_wconf 90' lang='lat' dir='ltr'>quc</span> <span class='ocrx_word' id='word_1_50' title='bbox 824 1283 942 1360; x_wconf 75' lang='lat' dir='ltr'>dactylo</span> <span class='ocrx_word' id='word_1_51' title='bbox 973 1284 1165 1342; x_wconf 89' lang='lat' dir='ltr'>Hermannus</span> <span class='ocrx_word' id='word_1_52' title='bbox 1196 1281 1255 1358; x_wconf 87' lang='lat' dir='ltr'>(El.</span> 
     </span>
     <span class='ocr_line' id='line_1_9' title="bbox 228 1383 1256 1471; baseline -0.003 -26"><span class='ocrx_word' id='word_1_53' title='bbox 228 1407 258 1463; x_wconf 89' lang='lat' dir='ltr'>p.</span> <span class='ocrx_word' id='word_1_54' title='bbox 283 1384 357 1462; x_wconf 83' lang='grc'>539)</span> <span class='ocrx_word' id='word_1_55' title='bbox 386 1386 443 1444; x_wconf 90' lang='lat' dir='ltr'>hoc</span> <span class='ocrx_word' id='word_1_56' title='bbox 473 1385 546 1444; x_wconf 84' lang='lat' dir='ltr'>fecit</span> <span class='ocrx_word' id='word_1_57' title='bbox 574 1385 732 1445; x_wconf 90' lang='lat' dir='ltr'>iudicium:</span> <span class='ocrx_word' id='word_1_58' title='bbox 766 1385 947 1471; x_wconf 55' lang='lat' dir='ltr'>‘Aeschylus</span> <span class='ocrx_word' id='word_1_59' title='bbox 969 1404 1115 1464; x_wconf 84' lang='lat' dir='ltr'>nusquam</span> <span class='ocrx_word' id='word_1_60' title='bbox 1138 1383 1256 1461; x_wconf 75' lang='lat' dir='ltr'>dactylo</span> 
     </span>
     <span class='ocr_line' id='line_1_10' title="bbox 228 1487 1256 1570; baseline -0.001 -23"><span class='ocrx_word' id='word_1_61' title='bbox 228 1488 272 1548; x_wconf 91' lang='lat' dir='ltr'>illi</span> <span class='ocrx_word' id='word_1_62' title='bbox 296 1488 385 1547; x_wconf 88' lang='lat' dir='ltr'>alium</span> <span class='ocrx_word' id='word_1_63' title='bbox 408 1488 514 1565; x_wconf 89' lang='lat' dir='ltr'>pedem</span> <span class='ocrx_word' id='word_1_64' title='bbox 537 1489 692 1565; x_wconf 90' lang='lat' dir='ltr'>opposuit;</span> <span class='ocrx_word' id='word_1_65' title='bbox 716 1507 840 1570; x_wconf 89' lang='lat' dir='ltr'>eamque</span> <span class='ocrx_word' id='word_1_66' title='bbox 862 1489 959 1564; x_wconf 90' lang='lat' dir='ltr'>legem</span> <span class='ocrx_word' id='word_1_67' title='bbox 982 1488 1071 1549; x_wconf 87' lang='lat' dir='ltr'>etiam</span> <span class='ocrx_word' id='word_1_68' title='bbox 1093 1487 1256 1566; x_wconf 79' lang='lat' dir='ltr'>Sophocles</span> 
     </span>
     <span class='ocr_line' id='line_1_11' title="bbox 229 1590 1257 1668; baseline -0.004 -16"><span class='ocrx_word' id='word_1_69' title='bbox 229 1591 348 1652; x_wconf 84' lang='lat' dir='ltr'>videtur</span> <span class='ocrx_word' id='word_1_70' title='bbox 370 1592 552 1665; x_wconf 78' lang='lat' dir='ltr'>observasse,</span> <span class='ocrx_word' id='word_1_71' title='bbox 584 1609 638 1650; x_wconf 90' lang='lat' dir='ltr'>neo</span> <span class='ocrx_word' id='word_1_72' title='bbox 659 1610 748 1668; x_wconf 87' lang='lat' dir='ltr'>saepe</span> <span class='ocrx_word' id='word_1_73' title='bbox 780 1611 845 1651; x_wconf 90' lang='lat' dir='ltr'>eam</span> <span class='ocrx_word' id='word_1_74' title='bbox 868 1591 1003 1667; x_wconf 79' lang='lat' dir='ltr'>neglexit</span> <span class='ocrx_word' id='word_1_75' title='bbox 1025 1590 1192 1667; x_wconf 83' lang='lat' dir='ltr'>Euripides.</span> <span class='ocrx_word' id='word_1_76' title='bbox 1215 1623 1257 1632; x_wconf 96' lang='lat'><em>-</em></span> 
     </span>
     <span class='ocr_line' id='line_1_12' title="bbox 230 1691 1256 1774; baseline -0.004 -20"><span class='ocrx_word' id='word_1_77' title='bbox 230 1697 273 1774; x_wconf 88' lang='lat' dir='ltr'>(p.</span> <span class='ocrx_word' id='word_1_78' title='bbox 298 1691 372 1770; x_wconf 75' lang='grc'>540)</span> <span class='ocrx_word' id='word_1_79' title='bbox 396 1693 495 1758; x_wconf 78' lang='lat' dir='ltr'>Quum</span> <span class='ocrx_word' id='word_1_80' title='bbox 518 1694 637 1773; x_wconf 84' lang='lat' dir='ltr'>quidam</span> <span class='ocrx_word' id='word_1_81' title='bbox 659 1694 717 1754; x_wconf 90' lang='lat' dir='ltr'>loci</span> <span class='ocrx_word' id='word_1_82' title='bbox 739 1694 940 1768; x_wconf 83' lang='lat' dir='ltr'>inveniantur,</span> <span class='ocrx_word' id='word_1_83' title='bbox 963 1693 994 1752; x_wconf 91' lang='lat' dir='ltr'>in</span> <span class='ocrx_word' id='word_1_84' title='bbox 1018 1693 1126 1774; x_wconf 91' lang='lat' dir='ltr'>quibus</span> <span class='ocrx_word' id='word_1_85' title='bbox 1148 1691 1256 1752; x_wconf 90' lang='lat' dir='ltr'>initiali</span> 
     </span>
     <span class='ocr_line' id='line_1_13' title="bbox 229 1795 1257 1876; baseline 0 -22"><span class='ocrx_word' id='word_1_86' title='bbox 229 1797 274 1856; x_wconf 91' lang='lat' dir='ltr'>illi</span> <span class='ocrx_word' id='word_1_87' title='bbox 298 1797 415 1874; x_wconf 90' lang='lat' dir='ltr'>dactylo</span> <span class='ocrx_word' id='word_1_88' title='bbox 436 1795 485 1857; x_wconf 89' lang='lat' dir='ltr'>vel</span> <span class='ocrx_word' id='word_1_89' title='bbox 508 1798 657 1873; x_wconf 90' lang='lat' dir='ltr'>spondeus</span> <span class='ocrx_word' id='word_1_90' title='bbox 678 1797 727 1858; x_wconf 89' lang='lat' dir='ltr'>vel</span> <span class='ocrx_word' id='word_1_91' title='bbox 749 1797 917 1857; x_wconf 78' lang='lat' dir='ltr'>tribrachus</span> <span class='ocrx_word' id='word_1_92' title='bbox 939 1797 1094 1876; x_wconf 90' lang='lat' dir='ltr'>oppositus</span> <span class='ocrx_word' id='word_1_93' title='bbox 1111 1795 1257 1868; x_wconf 87' lang='lat' dir='ltr'>videatur,</span> 
     </span>
     <span class='ocr_line' id='line_1_14' title="bbox 230 1899 1256 1979; baseline -0.003 -20"><span class='ocrx_word' id='word_1_94' title='bbox 230 1900 325 1962; x_wconf 90' lang='lat' dir='ltr'>movit</span> <span class='ocrx_word' id='word_1_95' title='bbox 347 1919 382 1958; x_wconf 86' lang='lat' dir='ltr'>ee</span> <span class='ocrx_word' id='word_1_96' title='bbox 403 1918 451 1959; x_wconf 88' lang='lat' dir='ltr'>res</span> <span class='ocrx_word' id='word_1_97' title='bbox 473 1899 649 1974; x_wconf 81' lang='lat' dir='ltr'>Seidlerum,</span> <span class='ocrx_word' id='word_1_98' title='bbox 670 1906 705 1961; x_wconf 86' lang='lat' dir='ltr'>ut</span> <span class='ocrx_word' id='word_1_99' title='bbox 725 1901 780 1959; x_wconf 92' lang='lat' dir='ltr'>hos</span> <span class='ocrx_word' id='word_1_100' title='bbox 802 1920 906 1962; x_wconf 81' lang='lat' dir='ltr'>versus</span> <span class='ocrx_word' id='word_1_101' title='bbox 929 1921 989 1961; x_wconf 88' lang='lat' dir='ltr'>non</span> <span class='ocrx_word' id='word_1_102' title='bbox 1012 1899 1181 1979; x_wconf 80' lang='lat' dir='ltr'>dactylicos,</span> <span class='ocrx_word' id='word_1_103' title='bbox 1206 1899 1256 1958; x_wconf 91' lang='lat' dir='ltr'>sed</span> 
     </span>
     <span class='ocr_line' id='line_1_15' title="bbox 229 2001 1256 2082; baseline -0.004 -19"><span class='ocrx_word' id='word_1_104' title='bbox 229 2003 397 2082; x_wconf 82' lang='lat' dir='ltr'>Glyconecs</span> <span class='ocrx_word' id='word_1_105' title='bbox 419 2007 450 2062; x_wconf 93' lang='lat' dir='ltr'>et</span> <span class='ocrx_word' id='word_1_106' title='bbox 473 2004 685 2063; x_wconf 89' lang='lat' dir='ltr'>Pherecrateos</span> <span class='ocrx_word' id='word_1_107' title='bbox 707 2022 771 2064; x_wconf 88' lang='lat' dir='ltr'>esse</span> <span class='ocrx_word' id='word_1_108' title='bbox 786 2008 916 2080; x_wconf 87' lang='lat' dir='ltr'>putaret.</span> <span class='ocrx_word' id='word_1_109' title='bbox 950 2003 1028 2064; x_wconf 83' lang='lat' dir='ltr'>Vide</span> <span class='ocrx_word' id='word_1_110' title='bbox 1051 2023 1118 2063; x_wconf 91' lang='lat' dir='ltr'>eum</span> <span class='ocrx_word' id='word_1_111' title='bbox 1133 2003 1165 2060; x_wconf 90' lang='lat' dir='ltr'>in</span> <span class='ocrx_word' id='word_1_112' title='bbox 1180 2001 1256 2060; x_wconf 94' lang='lat' dir='ltr'>libro</span> 
     </span>
     <span class='ocr_line' id='line_1_16' title="bbox 230 2106 1257 2184; baseline -0.002 -20"><span class='ocrx_word' id='word_1_113' title='bbox 230 2107 266 2164; x_wconf 91' lang='lat' dir='ltr'>de</span> <span class='ocrx_word' id='word_1_114' title='bbox 288 2125 381 2166; x_wconf 84' lang='lat' dir='ltr'>rerss.</span> <span class='ocrx_word' id='word_1_115' title='bbox 405 2107 521 2169; x_wconf 90' lang='lat' dir='ltr'>dcchm.</span> <span class='ocrx_word' id='word_1_116' title='bbox 546 2127 575 2183; x_wconf 89' lang='lat' dir='ltr'>p.</span> <span class='ocrx_word' id='word_1_117' title='bbox 600 2111 660 2164; x_wconf 86' lang='grc'>349</span> <span class='ocrx_word' id='word_1_118' title='bbox 691 2111 722 2166; x_wconf 90' lang='lat' dir='ltr'>et</span> <span class='ocrx_word' id='word_1_119' title='bbox 745 2108 780 2165; x_wconf 90' lang='lat' dir='ltr'>ad</span> <span class='ocrx_word' id='word_1_120' title='bbox 805 2106 907 2184; x_wconf 86' lang='lat' dir='ltr'>Enrip.</span> <span class='ocrx_word' id='word_1_121' title='bbox 930 2106 1029 2184; x_wconf 89' lang='lat' dir='ltr'>Iphig.</span> <span class='ocrx_word' id='word_1_122' title='bbox 1052 2106 1140 2165; x_wconf 84' lang='lat' dir='ltr'>Taur.</span> <span class='ocrx_word' id='word_1_123' title='bbox 1166 2109 1257 2164; x_wconf 84' lang='lat'><strong>1098.</strong></span> 
     </span>
     <span class='ocr_line' id='line_1_17' title="bbox 230 2208 1257 2290; baseline -0.001 -23"><span class='ocrx_word' id='word_1_124' title='bbox 230 2210 292 2269; x_wconf 87' lang='lat' dir='ltr'>Nec</span> <span class='ocrx_word' id='word_1_125' title='bbox 314 2229 384 2269; x_wconf 88' lang='lat' dir='ltr'>sane</span> <span class='ocrx_word' id='word_1_126' title='bbox 407 2209 514 2271; x_wconf 88' lang='lat' dir='ltr'>idonea</span> <span class='ocrx_word' id='word_1_127' title='bbox 536 2228 639 2270; x_wconf 87' lang='lat' dir='ltr'>caussa</span> <span class='ocrx_word' id='word_1_128' title='bbox 661 2215 715 2283; x_wconf 85' lang='lat' dir='ltr'>est,</span> <span class='ocrx_word' id='word_1_129' title='bbox 738 2230 830 2290; x_wconf 90' lang='lat' dir='ltr'>qnare</span> <span class='ocrx_word' id='word_1_130' title='bbox 852 2210 939 2269; x_wconf 89' lang='lat' dir='ltr'>aliter</span> <span class='ocrx_word' id='word_1_131' title='bbox 960 2214 1140 2270; x_wconf 82' lang='lat' dir='ltr'>statuamus:</span> <span class='ocrx_word' id='word_1_132' title='bbox 1170 2208 1257 2266; x_wconf 90' lang='lat' dir='ltr'>modo</span> 
     </span>
     <span class='ocr_line' id='line_1_18' title="bbox 230 2311 1256 2393; baseline -0.001 -23"><span class='ocrx_word' id='word_1_133' title='bbox 230 2313 458 2386; x_wconf 85' lang='lat' dir='ltr'>meminerimus,</span> <span class='ocrx_word' id='word_1_134' title='bbox 488 2313 663 2392; x_wconf 88' lang='lat' dir='ltr'>plerumque</span> <span class='ocrx_word' id='word_1_135' title='bbox 686 2313 845 2393; x_wconf 85' lang='lat' dir='ltr'>exaequari</span> <span class='ocrx_word' id='word_1_136' title='bbox 868 2315 967 2390; x_wconf 90' lang='lat' dir='ltr'>pedes,</span> <span class='ocrx_word' id='word_1_137' title='bbox 999 2331 1054 2371; x_wconf 93' lang='lat' dir='ltr'>nec</span> <span class='ocrx_word' id='word_1_138' title='bbox 1076 2311 1134 2370; x_wconf 92' lang='lat' dir='ltr'>nisi</span> <span class='ocrx_word' id='word_1_139' title='bbox 1156 2312 1188 2371; x_wconf 92' lang='lat' dir='ltr'>in</span> <span class='ocrx_word' id='word_1_140' title='bbox 1210 2329 1256 2370; x_wconf 89' lang='lat' dir='ltr'>re·</span> 
     </span>
     <span class='ocr_line' id='line_1_19' title="bbox 232 2414 1257 2496; baseline -0.002 -21"><span class='ocrx_word' id='word_1_141' title='bbox 232 2415 362 2476; x_wconf 87' lang='lat' dir='ltr'>centiore</span> <span class='ocrx_word' id='word_1_142' title='bbox 384 2415 544 2491; x_wconf 87' lang='lat' dir='ltr'>tragoedia,</span> <span class='ocrx_word' id='word_1_143' title='bbox 577 2435 664 2495; x_wconf 89' lang='lat' dir='ltr'>quam</span> <span class='ocrx_word' id='word_1_144' title='bbox 688 2417 840 2476; x_wconf 88' lang='lat' dir='ltr'>comoedia</span> <span class='ocrx_word' id='word_1_145' title='bbox 865 2417 1008 2496; x_wconf 88' lang='lat' dir='ltr'>sequitur,</span> <span class='ocrx_word' id='word_1_146' title='bbox 1039 2415 1128 2474; x_wconf 90' lang='lat' dir='ltr'>alium</span> <span class='ocrx_word' id='word_1_147' title='bbox 1151 2414 1257 2492; x_wconf 92' lang='lat' dir='ltr'>pedem</span> 
     </span>
     <span class='ocr_line' id='line_1_20' title="bbox 232 2509 1258 2596; baseline -0.001 -19"><span class='ocrx_word' id='word_1_148' title='bbox 232 2519 342 2596; x_wconf 88' lang='lat' dir='ltr'>opponi</span> <span class='ocrx_word' id='word_1_149' title='bbox 366 2509 505 2596; x_wconf 89' lang='lat' dir='ltr'>dactylo&#39;.</span> <span class='ocrx_word' id='word_1_150' title='bbox 550 2519 607 2577; x_wconf 82' lang='lat' dir='ltr'>Sed</span> <span class='ocrx_word' id='word_1_151' title='bbox 630 2519 709 2578; x_wconf 90' lang='lat' dir='ltr'>idem</span> <span class='ocrx_word' id='word_1_152' title='bbox 731 2519 921 2578; x_wconf 87' lang='lat' dir='ltr'>Hermannus</span> <span class='ocrx_word' id='word_1_153' title='bbox 936 2518 1047 2578; x_wconf 84' lang='lat' dir='ltr'>refellit</span> <span class='ocrx_word' id='word_1_154' title='bbox 1061 2523 1165 2595; x_wconf 84' lang='lat' dir='ltr'>postea</span> <span class='ocrx_word' id='word_1_155' title='bbox 1181 2518 1258 2576; x_wconf 90' lang='lat' dir='ltr'>hanc</span> 
     </span>
     <span class='ocr_line' id='line_1_21' title="bbox 231 2620 1257 2702; baseline -0.001 -23"><span class='ocrx_word' id='word_1_156' title='bbox 231 2622 311 2682; x_wconf 88' lang='lat' dir='ltr'>inter</span> <span class='ocrx_word' id='word_1_157' title='bbox 323 2621 472 2699; x_wconf 80' lang='lat' dir='ltr'>dactylum</span> <span class='ocrx_word' id='word_1_158' title='bbox 488 2620 638 2702; x_wconf 90' lang='lat' dir='ltr'>aliumque</span> <span class='ocrx_word' id='word_1_159' title='bbox 653 2621 758 2699; x_wconf 91' lang='lat' dir='ltr'>pedem</span> <span class='ocrx_word' id='word_1_160' title='bbox 774 2621 1022 2682; x_wconf 85' lang='lat' dir='ltr'>consociationem</span> <span class='ocrx_word' id='word_1_161' title='bbox 1040 2621 1108 2698; x_wconf 77' lang='lat' dir='ltr'><strong>(Ep.</strong></span> <span class='ocrx_word' id='word_1_162' title='bbox 1124 2641 1152 2697; x_wconf 91' lang='lat' dir='ltr'>p.</span> <span class='ocrx_word' id='word_1_163' title='bbox 1169 2620 1257 2694; x_wconf 83' lang='lat'>171):</span> 
     </span>
     <span class='ocr_line' id='line_1_22' title="bbox 232 2723 1257 2811; baseline -0.002 -29"><span class='ocrx_word' id='word_1_164' title='bbox 232 2724 285 2811; x_wconf 51' lang='lat' dir='ltr'>‘In</span> <span class='ocrx_word' id='word_1_165' title='bbox 306 2723 472 2784; x_wconf 85' lang='lat' dir='ltr'>recentiore</span> <span class='ocrx_word' id='word_1_166' title='bbox 494 2725 646 2801; x_wconf 88' lang='lat' dir='ltr'>tragoedia</span> <span class='ocrx_word' id='word_1_167' title='bbox 668 2724 803 2803; x_wconf 86' lang='lat' dir='ltr'>dactylus</span> <span class='ocrx_word' id='word_1_168' title='bbox 832 2724 865 2783; x_wconf 92' lang='lat' dir='ltr'>in</span> <span class='ocrx_word' id='word_1_169' title='bbox 892 2725 955 2784; x_wconf 89' lang='lat' dir='ltr'>basi</span> <span class='ocrx_word' id='word_1_170' title='bbox 979 2724 1049 2801; x_wconf 88' lang='lat' dir='ltr'>poni</span> <span class='ocrx_word' id='word_1_171' title='bbox 1076 2723 1150 2781; x_wconf 87' lang='lat' dir='ltr'>falso</span> <span class='ocrx_word' id='word_1_172' title='bbox 1173 2727 1257 2800; x_wconf 86' lang='lat' dir='ltr'>puta-</span> 
     </span>
     <span class='ocr_line' id='line_1_23' title="bbox 232 2825 1258 2904; baseline -0.003 -19"><span class='ocrx_word' id='word_1_173' title='bbox 232 2828 328 2887; x_wconf 88' lang='lat' dir='ltr'>batur.</span> <span class='ocrx_word' id='word_1_174' title='bbox 372 2825 561 2886; x_wconf 79' lang='lat' dir='ltr'>Intellectum</span> <span class='ocrx_word' id='word_1_175' title='bbox 584 2833 629 2888; x_wconf 91' lang='lat' dir='ltr'>est</span> <span class='ocrx_word' id='word_1_176' title='bbox 651 2828 730 2887; x_wconf 89' lang='lat' dir='ltr'>enim</span> <span class='ocrx_word' id='word_1_177' title='bbox 753 2828 917 2904; x_wconf 86' lang='lat' dir='ltr'>neglectam</span> <span class='ocrx_word' id='word_1_178' title='bbox 939 2825 1166 2902; x_wconf 87' lang='lat' dir='ltr'>responsionum</span> <span class='ocrx_word' id='word_1_179' title='bbox 1190 2844 1258 2884; x_wconf 92' lang='lat' dir='ltr'>con·</span> 
     </span>
     <span class='ocr_line' id='line_1_24' title="bbox 232 2916 1245 3007; baseline -0.003 -18"><span class='ocrx_word' id='word_1_180' title='bbox 232 2929 399 3006; x_wconf 87' lang='lat' dir='ltr'>gruentiam</span> <span class='ocrx_word' id='word_1_181' title='bbox 420 2930 458 2988; x_wconf 94' lang='lat' dir='ltr'>ab</span> <span class='ocrx_word' id='word_1_182' title='bbox 481 2929 631 2989; x_wconf 89' lang='lat' dir='ltr'>erroribus</span> <span class='ocrx_word' id='word_1_183' title='bbox 653 2930 815 2990; x_wconf 88' lang='lat' dir='ltr'>scribarum</span> <span class='ocrx_word' id='word_1_184' title='bbox 838 2949 902 2990; x_wconf 91' lang='lat' dir='ltr'>esse</span> <span class='ocrx_word' id='word_1_185' title='bbox 924 2919 1111 3007; x_wconf 81' lang='lat' dir='ltr'>protectam’.</span> <span class='ocrx_word' id='word_1_186' title='bbox 1234 2916 1245 2932; x_wconf 77' lang='grc'><em>“</em></span> 
     </span>
    </p>

    <p class='ocr_par' dir='ltr' id='par_1_7' title="bbox 233 3031 1259 3627">
     <span class='ocr_line' id='line_1_25' title="bbox 317 3031 1258 3111; baseline -0.001 -20"><span class='ocrx_word' id='word_1_187' title='bbox 317 3034 396 3093; x_wconf 89' lang='lat' dir='ltr'>Item</span> <span class='ocrx_word' id='word_1_188' title='bbox 411 3037 568 3093; x_wconf 88' lang='lat' dir='ltr'>senserunt</span> <span class='ocrx_word' id='word_1_189' title='bbox 578 3033 741 3093; x_wconf 87' lang='lat' dir='ltr'>Rossbach.</span> <span class='ocrx_word' id='word_1_190' title='bbox 757 3033 963 3110; x_wconf 82' lang='lat' dir='ltr'>etWestphal.</span> <span class='ocrx_word' id='word_1_191' title='bbox 975 3031 1190 3111; x_wconf 77' lang='lat' dir='ltr'>(1.1.p.54a³),</span> <span class='ocrx_word' id='word_1_192' title='bbox 1206 3031 1258 3110; x_wconf 91' lang='lat' dir='ltr'>qui</span> 
     </span>
     <span class='ocr_line' id='line_1_26' title="bbox 234 3133 1258 3215; baseline -0.002 -21"><span class='ocrx_word' id='word_1_193' title='bbox 234 3156 309 3215; x_wconf 91' lang='lat' dir='ltr'>quae</span> <span class='ocrx_word' id='word_1_194' title='bbox 319 3138 484 3194; x_wconf 86' lang='lat' dir='ltr'>memorant</span> <span class='ocrx_word' id='word_1_195' title='bbox 492 3133 629 3211; x_wconf 86' lang='lat' dir='ltr'>exempla</span> <span class='ocrx_word' id='word_1_196' title='bbox 638 3137 822 3195; x_wconf 88' lang='lat' dir='ltr'>emendanda</span> <span class='ocrx_word' id='word_1_197' title='bbox 831 3137 973 3210; x_wconf 87' lang='lat' dir='ltr'>iudicant,</span> <span class='ocrx_word' id='word_1_198' title='bbox 983 3136 1196 3213; x_wconf 87' lang='lat' dir='ltr'>emendataque</span> <span class='ocrx_word' id='word_1_199' title='bbox 1205 3135 1258 3192; x_wconf 92' lang='lat' dir='ltr'>ho-</span> 
     </span>
     <span class='ocr_line' id='line_1_27' title="bbox 234 3229 1259 3315; baseline -0.004 -17"><span class='ocrx_word' id='word_1_200' title='bbox 234 3238 282 3298; x_wconf 93' lang='lat' dir='ltr'>die</span> <span class='ocrx_word' id='word_1_201' title='bbox 295 3239 402 3299; x_wconf 90' lang='lat' dir='ltr'>habes:</span> <span class='ocrx_word' id='word_1_202' title='bbox 420 3236 486 3297; x_wconf 83' lang='lat' dir='ltr'>LT.</span> <span class='ocrx_word' id='word_1_203' title='bbox 499 3242 620 3296; x_wconf 83' lang='grc' dir='ltr'>1092Ν</span> <span class='ocrx_word' id='word_1_204' title='bbox 631 3242 711 3298; x_wconf 87' lang='grc'>1109</span> <span class='ocrx_word' id='word_1_205' title='bbox 726 3229 881 3309; x_wconf 74' lang='grc' dir='ltr'><strong><em>εὐξύνετον</em></strong></span> <span class='ocrx_word' id='word_1_206' title='bbox 896 3237 1038 3310; x_wconf 73' lang='grc' dir='ltr'><strong><em>ξυνετοῖσι</em></strong></span> <span class='ocrx_word' id='word_1_207' title='bbox 1048 3230 1259 3315; x_wconf 81' lang='grc' dir='ltr'><strong><em>βοολνΝόλλυ-</em></strong></span> 
     </span>
     <span class='ocr_line' id='line_1_28' title="bbox 234 3335 1259 3418; baseline -0.003 -18"><span class='ocrx_word' id='word_1_208' title='bbox 234 3337 329 3418; x_wconf 77' lang='grc' dir='ltr'><strong><em>μένων</em></strong></span> <span class='ocrx_word' id='word_1_209' title='bbox 340 3340 370 3416; x_wconf 83' lang='lat'>¹)</span> <span class='ocrx_word' id='word_1_210' title='bbox 386 3335 435 3400; x_wconf 73' lang='grc' dir='ltr'>ἐπὶ</span> <span class='ocrx_word' id='word_1_211' title='bbox 451 3336 557 3398; x_wconf 84' lang='grc' dir='ltr'><strong><em>νανολν</em></strong></span> <span class='ocrx_word' id='word_1_212' title='bbox 570 3336 635 3417; x_wconf 66' lang='grc' dir='ltr'><strong><em>ἔβα,</em></strong></span> <span class='ocrx_word' id='word_1_213' title='bbox 646 3340 707 3401; x_wconf 93' lang='lat' dir='ltr'>ibd.</span> <span class='ocrx_word' id='word_1_214' title='bbox 726 3345 805 3402; x_wconf 79' lang='lat'>1129</span> <span class='ocrx_word' id='word_1_215' title='bbox 815 3346 895 3401; x_wconf 85' lang='grc' dir='ltr'>Ν44</span> <span class='ocrx_word' id='word_1_216' title='bbox 913 3335 1078 3400; x_wconf 71' lang='grc' dir='ltr'><strong><em>ἑπτατόνου</em></strong></span> <span class='ocrx_word' id='word_1_217' title='bbox 1093 3335 1218 3399; x_wconf 75' lang='grc' dir='ltr'><strong><em>κέλαδον</em></strong></span> <span class='ocrx_word' id='word_1_218' title='bbox 1230 3339 1259 3418; x_wconf 76' lang='grc'>8)</span> 
     </span>
     <span class='ocr_line' id='line_1_29' title="bbox 233 3435 1258 3523; baseline 0.001 -23"><span class='ocrx_word' id='word_1_219' title='bbox 233 3436 325 3522; x_wconf 75' lang='grc' dir='ltr'><strong><em>λύρας</em></strong></span> <span class='ocrx_word' id='word_1_220' title='bbox 340 3457 373 3491; x_wconf 90' lang='grc' dir='ltr'><strong><em>Ν</em></strong></span> <span class='ocrx_word' id='word_1_221' title='bbox 388 3438 542 3521; x_wconf 77' lang='grc' dir='ltr'><strong><em>παρθένος</em></strong></span> <span class='ocrx_word' id='word_1_222' title='bbox 553 3441 582 3519; x_wconf 82' lang='lat'>⁴)</span> <span class='ocrx_word' id='word_1_223' title='bbox 607 3435 775 3520; x_wconf 72' lang='grc' dir='ltr'><strong><em>εὐδοκίμων</em></strong></span> <span class='ocrx_word' id='word_1_224' title='bbox 790 3436 906 3523; x_wconf 74' lang='grc' dir='ltr'><strong><em>γάμων,</em></strong></span> <span class='ocrx_word' id='word_1_225' title='bbox 928 3444 1032 3522; x_wconf 85' lang='lat' dir='ltr'>Suppl.</span> <span class='ocrx_word' id='word_1_226' title='bbox 1048 3449 1109 3502; x_wconf 86' lang='grc'>993</span> <span class='ocrx_word' id='word_1_227' title='bbox 1127 3455 1160 3492; x_wconf 99' lang='grc' dir='ltr'><strong><em>Ν</em></strong></span> <span class='ocrx_word' id='word_1_228' title='bbox 1178 3447 1258 3502; x_wconf 85' lang='grc'><strong>1015</strong></span> 
     </span>
     <span class='ocr_line' id='line_1_30' title="bbox 233 3538 1257 3627; baseline -0.001 -21"><span class='ocrx_word' id='word_1_229' title='bbox 233 3538 365 3623; x_wconf 77' lang='grc' dir='ltr'><strong><em>λαμπάδ’</em></strong></span> <span class='ocrx_word' id='word_1_230' title='bbox 381 3546 410 3622; x_wconf 79' lang='lat'>⁵)</span> <span class='ocrx_word' id='word_1_231' title='bbox 434 3538 581 3605; x_wconf 80' lang='grc' dir='ltr'><strong><em>ὥκνθόαν</em></strong></span> <span class='ocrx_word' id='word_1_232' title='bbox 602 3540 677 3623; x_wconf 82' lang='grc' dir='ltr'><strong><em>νύχα</em></strong></span> <span class='ocrx_word' id='word_1_233' title='bbox 693 3560 725 3596; x_wconf 91' lang='grc' dir='ltr'><strong><em>Ν</em></strong></span> <span class='ocrx_word' id='word_1_234' title='bbox 741 3541 873 3619; x_wconf 77' lang='grc' dir='ltr'><strong><em>εὐκλείας</em></strong></span> <span class='ocrx_word' id='word_1_235' title='bbox 894 3539 980 3627; x_wconf 77' lang='grc' dir='ltr'><strong><em>χάριν</em></strong></span> <span class='ocrx_word' id='word_1_236' title='bbox 1002 3543 1091 3607; x_wconf 73' lang='grc' dir='ltr'><strong><em>ἔνθεν</em></strong></span> <span class='ocrx_word' id='word_1_237' title='bbox 1110 3538 1257 3625; x_wconf 76' lang='lat' dir='ltr'>‹ip-poian.</span> 
     </span>
    </p>

    <p class='ocr_par' dir='ltr' id='par_1_8' title="bbox 304 3734 513 3800">
     <span class='ocr_line' id='line_1_31' title="bbox 304 3734 513 3800; baseline -0.014 -15"><span class='ocrx_word' id='word_1_238' title='bbox 304 3734 329 3800; x_wconf 91' lang='lat'>1)</span> <span class='ocrx_word' id='word_1_239' title='bbox 347 3737 411 3786; x_wconf 87' lang='lat' dir='ltr'>Vide</span> <span class='ocrx_word' id='word_1_240' title='bbox 427 3751 452 3798; x_wconf 88' lang='lat' dir='ltr'>p.</span> <span class='ocrx_word' id='word_1_241' title='bbox 472 3738 513 3786; x_wconf 75' lang='lat'>24.</span> 
     </span>
    </p>

    <p class='ocr_par' dir='ltr' id='par_1_9' title="bbox 303 3815 784 3887">
     <span class='ocr_line' id='line_1_32' title="bbox 303 3815 784 3887; baseline -0.004 -15"><span class='ocrx_word' id='word_1_242' title='bbox 303 3822 329 3887; x_wconf 76' lang='lat'>2)</span> <span class='ocrx_word' id='word_1_243' title='bbox 347 3815 491 3887; x_wconf 80' lang='grc' dir='ltr'><strong><em>ἆλλνμένων</em></strong></span> <span class='ocrx_word' id='word_1_244' title='bbox 508 3819 631 3887; x_wconf 75' lang='lat' dir='ltr'>Erfurdt]</span> <span class='ocrx_word' id='word_1_245' title='bbox 651 3815 784 3886; x_wconf 80' lang='grc' dir='ltr'><strong><em>ὀλομένων.</em></strong></span> 
     </span>
    </p>

    <p class='ocr_par' dir='ltr' id='par_1_10' title="bbox 234 3902 1258 4047">
     <span class='ocr_line' id='line_1_33' title="bbox 303 3902 1258 3974; baseline -0.008 -14"><span class='ocrx_word' id='word_1_246' title='bbox 303 3909 329 3974; x_wconf 81' lang='grc'>9)</span> <span class='ocrx_word' id='word_1_247' title='bbox 349 3905 402 3960; x_wconf 76' lang='lat' dir='ltr'>lut.</span> <span class='ocrx_word' id='word_1_248' title='bbox 426 3905 480 3960; x_wconf 76' lang='grc' dir='ltr'><strong><em>κέλ.</em></strong></span> <span class='ocrx_word' id='word_1_249' title='bbox 498 3908 639 3958; x_wconf 83' lang='lat' dir='ltr'>Markland.</span> <span class='ocrx_word' id='word_1_250' title='bbox 661 3909 755 3974; x_wconf 79' lang='lat' dir='ltr'>(Enger</span> <span class='ocrx_word' id='word_1_251' title='bbox 778 3908 805 3956; x_wconf 86' lang='lat' dir='ltr'>in</span> <span class='ocrx_word' id='word_1_252' title='bbox 829 3909 920 3957; x_wconf 78' lang='lat' dir='ltr'>Annei.</span> <span class='ocrx_word' id='word_1_253' title='bbox 940 3907 1004 3955; x_wconf 89' lang='lat' dir='ltr'>Phil.</span> <span class='ocrx_word' id='word_1_254' title='bbox 1022 3908 1072 3955; x_wconf 84' lang='lat' dir='ltr'>vol.</span> <span class='ocrx_word' id='word_1_255' title='bbox 1091 3909 1125 3956; x_wconf 77' lang='lat'>85</span> <span class='ocrx_word' id='word_1_256' title='bbox 1142 3920 1167 3967; x_wconf 87' lang='lat' dir='ltr'>p.</span> <span class='ocrx_word' id='word_1_257' title='bbox 1187 3902 1258 3970; x_wconf 69' lang='grc'>5198)]</span> 
     </span>
     <span class='ocr_line' id='line_1_34' title="bbox 234 3991 359 4047; baseline -0.032 0"><span class='ocrx_word' id='word_1_258' title='bbox 234 3993 286 4047; x_wconf 77' lang='grc' dir='ltr'><strong><em>κέλ.</em></strong></span> <span class='ocrx_word' id='word_1_259' title='bbox 306 3991 359 4046; x_wconf 73' lang='lat' dir='ltr'>tur.</span> 
     </span>
    </p>

    <p class='ocr_par' dir='ltr' id='par_1_11' title="bbox 302 4075 1012 4147">
     <span class='ocr_line' id='line_1_35' title="bbox 302 4075 1012 4147; baseline -0.006 -17"><span class='ocrx_word' id='word_1_260' title='bbox 302 4081 330 4145; x_wconf 75' lang='lat' dir='ltr'>l)</span> <span class='ocrx_word' id='word_1_261' title='bbox 347 4077 482 4147; x_wconf 63' lang='grc' dir='ltr'><strong><em>παρθένος]</em></strong></span> <span class='ocrx_word' id='word_1_262' title='bbox 500 4075 627 4145; x_wconf 80' lang='grc' dir='ltr'><strong><em>πάρεδρος</em></strong></span> <span class='ocrx_word' id='word_1_263' title='bbox 643 4081 770 4140; x_wconf 79' lang='lat' dir='ltr'>Badham,</span> <span class='ocrx_word' id='word_1_264' title='bbox 788 4075 899 4146; x_wconf 64' lang='grc' dir='ltr'><strong><em>πάροχος</em></strong></span> <span class='ocrx_word' id='word_1_265' title='bbox 916 4080 1012 4127; x_wconf 78' lang='lat' dir='ltr'>Nauck.</span> 
     </span>
    </p>

    <p class='ocr_par' dir='ltr' id='par_1_12' title="bbox 303 4157 1064 4234">
     <span class='ocr_line' id='line_1_36' title="bbox 303 4157 1064 4234; baseline -0.007 -16"><span class='ocrx_word' id='word_1_266' title='bbox 303 4170 331 4230; x_wconf 82' lang='lat'>5)</span> <span class='ocrx_word' id='word_1_267' title='bbox 350 4160 469 4232; x_wconf 77' lang='grc' dir='ltr'><strong><em>λαμπάδ’</em></strong></span> <span class='ocrx_word' id='word_1_268' title='bbox 488 4167 608 4218; x_wconf 83' lang='lat' dir='ltr'>Ribbeck.</span> <span class='ocrx_word' id='word_1_269' title='bbox 627 4167 668 4234; x_wconf 80' lang='lat' dir='ltr'>(ot.</span> <span class='ocrx_word' id='word_1_270' title='bbox 686 4182 711 4229; x_wconf 90' lang='lat' dir='ltr'>p.</span> <span class='ocrx_word' id='word_1_271' title='bbox 731 4169 762 4218; x_wconf 81' lang='lat'>18</span> <span class='ocrx_word' id='word_1_272' title='bbox 781 4168 811 4216; x_wconf 84' lang='lat' dir='ltr'>ad</span> <span class='ocrx_word' id='word_1_273' title='bbox 830 4163 868 4232; x_wconf 74' lang='grc'>9)]</span> <span class='ocrx_word' id='word_1_274' title='bbox 887 4157 1004 4231; x_wconf 79' lang='grc' dir='ltr'><strong><em>λαμπάδ’</em></strong></span> <span class='ocrx_word' id='word_1_275' title='bbox 1020 4157 1064 4217; x_wconf 73' lang='grc' dir='ltr'><strong><em>ἵν’.</em></strong></span> 
     </span>
    </p>
   </div>
   <div class='ocr_carea' id='block_1_6' title="bbox 0 0 1606 4916">
    <p class='ocr_par' dir='ltr' id='par_1_13' title="bbox 0 0 1606 4916">
     <span class='ocr_line' id='line_1_37' title="bbox 0 0 1606 4916; baseline 0 0"><span class='ocrx_word' id='word_1_276' title='bbox 0 0 1606 4916; x_wconf 95' lang='lat' dir='ltr'> </span> 
     </span>
    </p>
   </div>
  </div>
 </body>
</html>
