3184 4916
711 452 926 517 ..62..

388 626 529 686 Proxima
558 628 654 686 forme
682 627 740 686 arsi
771 627 868 704 prima
890 627 1031 686 distracta
1051 627 1151 686 thesin
1173 627 1332 686 secundam

302 729 484 806 proscripsit,
508 731 550 790 ita
572 737 606 788 ut
627 749 644 787 a
666 748 780 806 paeone
801 730 932 809 incipero
954 730 1110 790 videatur:

388 832 424 889 fr.
450 836 540 904 1084,
565 837 583 889 2
615 828 697 910 ῗερον
729 823 833 908 όχθον,
864 825 951 891 πόλιν
983 823 1170 910 Ἀφροδίτας,
1202 833 1248 892 oui
1279 833 1333 891 ad-

303 933 466 994 scribatur:

391 1036 429 1096 fr.
454 1041 524 1110 856,
550 1040 564 1094 l
591 1027 742 1105 ἀλκυόνες,
766 1034 800 1092 αἳ
821 1025 894 1113 παρ’
918 1027 1036 1104 ἀενάοις
1057 1029 1218 1105 θαλάσσας.

391 1139 484 1198 Porro
507 1139 657 1215 dactylum
680 1138 829 1215 praeeedit
850 1136 1020 1213 tribrachys
1042 1157 1107 1196 cum
1129 1139 1277 1214 spondeo:

390 1240 440 1301 Or.
465 1245 525 1301 810
542 1253 574 1288 Ν
589 1246 629 1300 22
652 1233 741 1298 πόλιν
771 1232 882 1315 ἀνῆλθ’
908 1235 938 1309 έξ
961 1234 1096 1316 εὐτυχίας
1122 1234 1284 1319 ’Λτρεέόαις
1300 1254 1334 1288 Ν

304 1341 390 1417 ξίφος
413 1340 444 1412 ές
466 1336 560 1421 aclyde
583 1334 691 1402 οἷελέοιο
715 1340 817 1413 δεῖξαι,
946 1345 948 1349 ’

303 1446 502 1522 antispastus:

390 1548 482 1625 Hipp.
507 1547 567 1606 547
585 1559 617 1594 Ν
635 1548 672 1606 67
697 1538 848 1625 όνανιλρον
869 1538 902 1605 τό
927 1541 997 1624 πρὶν
1018 1541 1069 1603 καὶ
1084 1537 1225 1622 όνομφον
1239 1543 1334 1605 οἴκων

309 1667 334 1694 Ν
354 1642 510 1708 oovrsdeis'
537 1641 575 1706 dv
598 1642 618 1706 οἱ
641 1641 759 1727 Κύπρις
782 1637 848 1708 οἷον
871 1645 957 1728 έρδει.

391 1752 536 1832 Reliquae
566 1753 678 1810 formae
711 1752 866 1810 ordiuntur
888 1771 905 1809 a
928 1751 1074 1810 diiambo:
1109 1744 1145 1808 od
1168 1743 1201 1809 δ’
1223 1747 1256 1810 ἐκ
1278 1747 1335 1827 μὲν

306 1851 398 1914 οἴκων
427 1852 561 1931 πατρίων
589 1849 731 1922 ἔπλευσας
750 1865 783 1902 Ν
806 1850 915 1929 βέβακε
945 1847 974 1910 d'
1008 1845 1106 1930 ὅρκων
1134 1847 1227 1932 χάρις,
1259 1847 1329 1912 οὐδ’

306 1950 352 2015 ἔτ’
376 1946 469 2025 aldeis

391 2060 468 2118 Med.
496 2063 553 2117 431
573 2063 661 2116 0³39
859 2118 861 2124 ,
914 2059 953 2117 Η.
976 2060 998 2118 f.
1023 2063 1188 2117 aoeoeee

390 2145 482 2224 Hipp.
508 2144 566 2202 677
924 2189 942 2218 ,,
979 2189 996 2218 ,,
1021 2149 1081 2204 663
1099 2157 1131 2191 ω
1148 2149 1187 2203 oo

392 2231 461 2290 Hel.
489 2235 567 2289 1452
585 2241 617 2277 Ν
633 2235 672 2287 66
922 2275 940 2303 ,,
977 2275 995 2302 ,,
1019 2231 1079 2288 764
1096 2242 1129 2278 Ν
1146 2231 1196 2289 73.

305 2334 434 2393 Initialis
457 2331 547 2392 iambi
570 2333 662 2391 thesis
685 2334 872 2392 extenditur:

391 2436 484 2511 Hipp.
503 2438 561 2494 128
580 2447 612 2483 Ν
630 2441 668 2494 38
692 2433 844 2514 τέγγουσα,
867 2435 984 2511 θερμός
1006 2428 1036 2492 d’
1062 2431 1109 2494 έπλ
1126 2437 1206 2495 νῶτα
1222 2433 1333 2511 πέτρας

305 2552 338 2587 Ν
355 2530 515 2615 Δάματρος
545 2531 640 2606 ἀκτᾶς
671 2533 762 2612 δέμας
792 2529 884 2615 ἁγνόν
913 2534 1021 2613 ἴσχειν,
1054 2538 1104 2616 qui
1136 2540 1207 2598 ordo
1239 2538 1332 2616 priori

305 2641 481 2721 opponitur:

304 2778 436 2840 genuinam
454 2789 507 2824 esse
525 2776 680 2836 scripturam,
703 2775 746 2823 sed
764 2776 899 2836 profectam
918 2774 949 2821 ab
967 2776 1144 2835 interpolatore
1161 2778 1192 2825 de
1210 2776 1330 2824 Wilamo-

304 2863 400 2912 witzius
417 2867 519 2910 testatur
537 2862 564 2922 (l.
585 2863 600 2908 l.
618 2876 643 2921 p.
659 2857 709 2926 66).

355 2948 444 3016 ,Ωιταε
462 2962 517 2994 cum
534 2948 569 2994 ita
587 2947 651 3007 sint,
676 2937 739 2997 κόπι
757 2938 826 3011 λόχοι
844 2946 984 3007 scripserim
1002 2961 1048 3006 pro
1066 2940 1125 3029 (cic)
1144 2942 1269 3010 ἐπίλογοι,
1296 2946 1331 2993 sic
1419 3005 1422 3010 Ι

306 3037 386 3081 locum
404 3034 565 3092 intellegens:
583 3032 631 3101 ‘Ut
649 3045 738 3079 suaves
757 3036 843 3078 cantas
861 3028 924 3094 (soil.
944 3032 974 3079 de
987 3046 1052 3091 agno
1066 3029 1150 3092 nureo)
1168 3031 1329 3090 augebantur,

305 3121 339 3168 ita
357 3118 460 3167 insidiae
477 3131 542 3178 agno
561 3131 634 3164 aureo
653 3132 667 3164 a
684 3117 792 3177 Thyeste
810 3121 911 3177 paratae
918 3110 935 3174 '‚
954 3118 1064 3177 genitivo
1083 3113 1193 3183 χρυσέας
1205 3109 1281 3179 οἷριός
1299 3144 1332 3151 -

305 3207 331 3253 id
349 3205 414 3265 quod
432 3205 474 3251 vel
493 3202 655 3250 collocatione
673 3201 845 3249 indicetur-
863 3201 987 3262 pendente
1005 3207 1028 3250 et
1046 3217 1061 3250 a
1079 3198 1172 3266 μολπαὶ
1190 3207 1214 3249 et
1231 3216 1247 3248 a
1263 3197 1333 3267 λόχοι

305 3291 443 3338 vocabulis.

374 3378 413 3424 De
431 3375 614 3436 praepositione
631 3373 806 3422 adverbialiter
824 3374 889 3421 dicta
907 3375 937 3421 cf.
957 3373 1033 3435 Soph.
1053 3373 1083 3421 Ο.
1102 3374 1132 3420 R.
1150 3389 1175 3420 v.
1195 3376 1258 3420 182:
1276 3364 1332 3423 ἄλο-

307 3477 347 3528 χοι
364 3458 447 3511 πολιαί
464 3454 492 3510 τ’
512 3456 552 3510 lu:
570 3456 679 3523 ματέρες
696 3455 749 3521 (ἔπι
761 3479 794 3500 =
808 3453 873 3522 πρὸς
884 3455 1008 3523 ταύταις),
1027 3459 1086 3506 Eur.
1097 3459 1129 3505 Η.
1139 3459 1155 3504 f.
1165 3473 1208 3505 vv.
1219 3459 1268 3507 tat
1277 3472 1332 3517 sqq.

307 3552 352 3596 etc.
388 3547 427 3594 De
445 3540 516 3613 λόχοι
533 3545 657 3594 vocabalo
674 3546 704 3593 cf.
724 3545 796 3592 Hom.
815 3544 862 3592 Od.
880 3545 991 3615 lveee:
1018 3536 1083 3606 αότή
1108 3541 1150 3594 νῦν
1178 3539 1276 3609 φράζευ
1301 3538 1333 3592 οὐ

307 3628 380 3697 λόχοι
399 3629 478 3681 θείοιο
494 3629 617 3694 γέροντος.
654 3629 772 3678 Similiter
797 3630 900 3690 legimus
925 3629 1001 3690 δορὴ.
1019 3630 1047 3677 0.
1067 3628 1093 3676 c.
1113 3645 1157 3677 vv.
1178 3633 1243 3679 1086
1262 3643 1329 3690 sqqe

306 3712 437 3768 παντόπτα
455 3713 518 3774 Ζεῦ,
536 3711 625 3778 πόροις
642 3710 781 3782 δαμοόχοις
797 3710 841 3767 τόν
860 3706 965 3778 steppo
983 3712 1117 3765 τελειῶσαι
1135 3709 1215 3781 λόχοι.

376 3802 514 3862 Responsio
541 3807 622 3849 autem
645 3801 836 3862 medicentur,
862 3801 989 3848 Neuckius
1012 3802 1106 3860 aceepit
1122 3815 1146 3847 v.
1167 3803 1216 3849 705
1233 3799 1333 3848 Heathii

308 3889 517 3936 emendationem:
536 3884 685 3938 καλλίποκοι
703 3900 748 3947 pro
767 3880 977 3950 καλλιπλόκαμον.
1007 3885 1121 3946 cogitare
1139 3885 1243 3932 fortasse
1261 3885 1333 3932 liceat

307 3976 338 4021 dc
352 3974 473 4020 adiectivo
487 3969 637 4036 καλλίκομοι
653 3973 721 4032 (coll.
735 3972 754 4017 Ι.
767 3972 796 4017 Δ.
809 3986 851 4019 vv.
868 3971 933 4020 1080
945 3985 998 4031 sq.:
1017 3965 1173 4033 καλλικόμαν
1185 3963 1333 4032 πλόκαμον).

310 4087 342 4094 -
362 4059 454 4106 Confer
472 4065 579 4106 ceterum
597 4057 657 4105 Attii
676 4059 764 4115 locum,
783 4057 852 4103 Atrei
865 4057 919 4105 sr.8
933 4056 1063 4120 (Ribbeck.
1074 4055 1086 4089 ¹
1096 4071 1120 4116 p.
1134 4052 1207 4115 163):
1226 4055 1333 4125 ‘Agrium

308 4145 372 4192 inter
390 4144 495 4204 pecudes
514 4159 590 4192 aurea
607 4145 700 4190 clarum
717 4133 811 4190 coma.'
