3184 4916
633 535 848 603 ..17-

231 716 322 792 atque
344 711 482 772 anacrusi
504 711 683 789 praemissa:

316 817 389 875 Her.
414 819 474 873 893
499 828 531 863 Ν
555 820 616 874 902
639 815 734 872 λωτοῦ
764 807 850 892 χάρις
879 810 920 872 ἔνι
953 833 982 871 τι
1004 813 1140 894 octav)
1164 829 1197 863 Ν
1220 811 1257 875 οὐ

167 889 171 907 Ι
230 909 286 995 χρή
309 937 381 975 ποτε
403 909 464 975 τόδ’
487 910 660 989 ἀφελέσθαι,
1129 911 1132 916 ’

315 1021 342 1079 Ι.
364 1022 402 1079 Α.
427 1019 486 1077 207
510 1011 756 1095 λαιψηροδρόμον
777 1010 894 1094 Ἀχιλῆα

230 1141 287 1182 nec
315 1141 375 1180 non
403 1155 436 1163 -
463 1121 506 1180 iia
534 1126 634 1180 tamen
665 1127 699 1180 ut
721 1140 828 1181 versus
858 1121 1055 1181 antitheticus
1084 1125 1258 1183 trochaeum

230 1223 423 1284 retineat-
445 1223 478 1283 in
500 1223 584 1284 hisoe
606 1223 747 1300 paribus:

319 1327 368 1385 Ba.
394 1330 454 1386 108
478 1338 510 1373 Ν
534 1331 574 1386 23
597 1325 697 1402 μίλακι
718 1321 908 1408 καλλικάρπῳ
931 1339 964 1372 Ν
984 1323 1061 1385 ἔνθα
1082 1321 1259 1408 τρικόρυθες

230 1420 357 1506 τ’ἕντροις,

315 1532 355 1592 Η.
370 1533 391 1591 f.
409 1532 471 1590 794
488 1545 520 1579 Ν
538 1536 595 1591 811
623 1531 773 1608 Σπαρτῶν
794 1527 845 1588 ἵνα
867 1525 950 1608 γένος
973 1524 1094 1608 ἐφάνθη
1110 1546 1142 1581 Ν
1161 1525 1181 1590 ii
1203 1533 1258 1591 νῦν

228 1630 367 1712 ἐςοραῖντι
389 1633 533 1712 φαίνετ’).
903 1707 908 1717 .

315 1737 487 1814 Spondeum
508 1736 640 1796 medium
663 1734 798 1794 ordinem
821 1732 957 1810 tenere³)
981 1736 1081 1796 elucet
1101 1734 1195 1815 Hipp.
1217 1738 1234 1796 7
1239 1741 1256 1794 0

229 1833 313 1918 χαῖρέ
334 1859 384 1914 μοι
409 1824 433 1896 oi
455 1837 600 1897 καλλίστα.

314 1941 461 2002 Ultimum
484 1940 623 2020 deniqne,
655 1941 734 2019 quod
763 1941 824 2000 huc
854 1944 983 2019 speciei,
1014 1960 1069 2016 par
1097 1962 1158 2001 non
1188 1961 1257 2002 oon-

228 2043 319 2120 gruii,
336 2064 401 2103 oum
418 2043 561 2118 strophae
577 2042 724 2102 secundus
741 2062 793 2118 pes
809 2041 1033 2120 ditrochaeus,
1050 2044 1257 2122 antistrophae

229 2147 393 2226 spondeus:

314 2249 440 2309 111730
465 2259 497 2295 Ν
521 2251 560 2305 40
583 2241 690 2305 λευκόν
711 2265 741 2304 τε
764 2239 928 2325 πρόσοικον
950 2240 1025 2318 αόῦς
1044 2261 1076 2296 Ν
1098 2243 1258 2326 χρυσωπόν

227 2347 317 2429 ἕδραν
339 2343 523 2422 ἀλλάξαντα.

230 2453 413 2527 Dindorfius,
435 2454 473 2513 ad
488 2474 518 2515 v.
535 2456 596 2512 740
612 2452 759 2511 adnotans
775 2453 834 2528 (ed.
854 2451 984 2530 1869⁶):
1007 2455 1154 2540 ‘Metrum
1174 2454 1258 2514 aliud

230 2557 363 2634 postulat
384 2559 511 2617 verbum
534 2556 621 2616 volui
648 2545 844 2630 opsicavw’,
865 2555 944 2614 hanc
972 2555 1174 2632 responsionis
1197 2556 1257 2616 dis-

230 2658 413 2737 crepantiam
436 2657 591 2717 videamus
614 2677 683 2716 num
708 2662 789 2717 reete
812 2656 1039 2733 vituperaverih

315 2760 398 2824 Quae
420 2760 501 2820 inter
522 2761 697 2820 trochaeum
720 2765 751 2818 et
779 2760 941 2838 spondeum
973 2760 1129 2835 responsio
1159 2766 1194 2820 ut
1222 2761 1255 2821 in

229 2862 294 2922 basi
317 2870 363 2922 est
385 2865 498 2935 erebra,
521 2861 565 2922 ita
586 2881 654 2921 rara
682 2861 715 2920 in
745 2861 912 2940 posteriore
933 2880 1077 2922 versuum
1105 2862 1256 2938 iogaoedi·

230 2985 331 3025 corum
364 2972 458 3043 parte.
503 2964 678 3025 Invenitur:
708 2963 800 3042 Hipp.
825 2964 882 3022 741
910 2977 942 3011 Ν
967 2968 1004 3022 51
1037 2958 1089 3033 τοὶς
1121 2958 1254 3045 ἤλεκτρο-

231 3069 317 3141 φοιεῖς
339 3061 435 3146 αὐγοὶς
457 3081 490 3115 Ν
511 3059 598 3144 χθών
620 3061 812 3143 εὐδαιμονίαν
834 3069 929 3139 θεοῖς,
952 3067 1021 3127 Tro.
1041 3071 1102 3126 814
1126 3080 1158 3114 Ν
1181 3069 1256 3147 814)

300 3289 325 3347 l)
344 3283 379 3338 ἔνι
396 3302 424 3337 τε
442 3289 529 3346 δαῖτες
546 3289 630 3336 Herm.
650 3284 800 3352 (Schmidt.)]
819 3281 855 3337 ἐνὶ
873 3283 971 3338 8α1.-
983 3287 1120 3336 Reiecimus
1132 3290 1255 3338 Dindorfii

229 3373 376 3433 scripturam
394 3369 440 3424 εἰνὶ
460 3370 528 3424 δαιτί
553 3370 631 3437 (δαιτί
649 3372 759 3432 Cantor),
784 3372 842 3432 quia
866 3385 909 3431 per
927 3377 1004 3420 toturn
1029 3373 1076 3420 hoc
1100 3375 1256 3434 stropharum

230 3471 274 3517 par
291 3462 389 3518 praeter
407 3459 538 3505 anaornsin
556 3459 668 3504 nltimam
686 3463 785 3506 servata
803 3462 842 3504 est
859 3458 994 3516 responsio.

297 3540 323 3609 2)
342 3538 442 3606 &pacho
461 3541 558 3600 Pflugk.
577 3538 706 3607 (Weoisl.)]
727 3538 811 3606 ἔφανε.
823 3567 853 3577 -
864 3537 980 3604 ἐςορῶντι
999 3540 1218 3609 Weok1.]dcopo‘cr.

298 3633 326 3686 3)
343 3627 381 3676 Gi.
398 3629 453 3675 Alc.
473 3630 520 3675 271
547 3619 633 3677 ου’κέτι
652 3622 737 3691 μάτηρ
756 3623 830 3693 σφῷν
848 3623 923 3685 ἔστιν,
945 3628 981 3675 Io.
1001 3630 1068 3678 1237
1093 3626 1208 3695 λεύσιμοι
1225 3628 1255 3683 δὲ

228 3711 390 3777 καταφθοραὶ
408 3709 535 3778 δεσποίνᾳ.

297 3795 324 3860 4)
342 3798 455 3847 Ceterum
473 3804 586 3857 correpta
604 3813 618 3846 u
635 3798 718 3844 littera
729 3797 882 3857 modernus,
900 3797 1048 3846 Schmidtius
1066 3798 1113 3846 hoc
1131 3801 1167 3846 uti
1185 3802 1253 3848 sche-

228 3887 293 3931 mate
310 3897 359 3930 non
373 3883 498 3931 dubitant:
514 3897 729 3942 υ-ω-υ-;
748 3883 807 3930 vide
819 3884 1100 3948 Pspeum·Benseierum
1118 3882 1253 3948 (Wiirterb.

228 3969 251 4015 d.
270 3968 361 4028 griech.
379 3969 574 4034 Eigennaman):
597 3969 663 4037 ‘Das
681 3985 695 4018 u
713 3969 746 4016 ist
762 3968 788 4014 in
807 3970 855 4015 den
873 3968 1043 4028 griechischen
1061 3968 1254 4019 Dichtersteilen

228 4054 292 4114 lang,
311 4054 372 4101 isnrz
391 4055 423 4102 ist
439 4069 466 4102 es
484 4068 531 4101 nur
548 4053 588 4102 bei
606 4054 718 4101 Diosoor.
736 4055 761 4100 in
779 4054 855 4100 Anth.
871 4053 974 4102 Vlieoi
995 4053 1045 4099 und
1063 4052 1192 4103 vielleicht
1209 4057 1253 4105 das

228 4142 251 4186 2.
269 4138 320 4186 Mal
338 4138 378 4186 hai
396 4141 454 4187 Eur.
475 4140 532 4187 Tro.
552 4131 619 4188 3³13
654 4139 717 4186 Addi
736 4139 815 4198 potuit
832 4139 920 4198 fragm.
937 4139 996 4197 181,
1015 4140 1047 4186 14
1060 4153 1092 4188 ω
1106 4143 1152 4189 23:
1170 4136 1254 4206 Ὑμήν

227 4218 311 4288 Ὗμήι
331 4237 363 4273 ω
382 4215 398 4274 ii
417 4220 460 4276 τὸν
479 4223 566 4288 μέγαν.
