3184 4916
743 447 946 516 ,68-

328 625 397 709 ί6161
411 625 541 686 dimeter
563 629 609 684 eat
631 623 785 684 iambioua'
807 625 913 703 (Dind.
934 626 954 683 l.
969 626 1014 706 1.),
1037 624 1077 702 ‘in
1098 625 1153 683 den
1172 623 1284 684 Veraen
1301 671 1307 682 .
1326 669 1357 683 ..

327 731 407 788 lranu
431 730 528 789 durch
548 727 714 802 jambisohe
731 730 872 803 Measung
894 728 948 787 der
962 725 1194 801 Schwiarigkeit
1215 747 1267 785 666
1290 729 1358 786 dem

328 833 424 907 Wege
445 851 600 906 gegangen
624 828 754 892 vverdeu'
776 830 899 908 (Christ.
921 831 941 889 1.
964 831 1007 904 1.).

414 952 461 1010 Ad
493 949 651 1010 certiorem
683 949 774 1008 finem
796 983 837 992 —
864 955 1009 1028 quantum
1039 950 1077 1009 ad
1105 949 1283 1026 Sophoclem
1314 953 1359 1008 at-

329 1055 408 1114 tinet
429 1086 471 1096 —
494 1055 572 1112 hanc
595 1052 801 1132 quaestionem
825 1051 1002 1130 perduxisse
1026 1051 1084 1111 sibi
1107 1052 1190 1112 visus
1213 1058 1260 1113 est
1275 1054 1360 1113 Wal-

327 1163 410 1217 terua
434 1158 548 1231 Berger
570 1156 628 1230 (lle
652 1154 810 1232 Sophoclis
832 1154 969 1214 versibus
992 1154 1173 1230 logaoediois
1202 1162 1232 1214 61
1254 1155 1359 1233 epitri-

326 1259 405 1320 ticis.
444 1259 633 1318 1116611666.
660 1262 750 1332 1864,
773 1279 803 1336 6.
824 1263 841 1315 3
859 1258 926 1338 sq.)‚
949 1257 1000 1338 qui
1024 1257 1170 1318 eiusmodi
1193 1279 1299 1319 versus
1321 1261 1361 1317 ad

327 1362 442 1423 iambos
466 1360 634 1422 revocavit
679 1363 773 1420 Locos
797 1360 877 1420 eninr
900 1360 1081 1436 Sophocleoa
1105 1361 1199 1437 (0.0.
1222 1381 1272 1423 66.
1300 1367 1359 1420 186

329 1479 361 1514 Ν
385 1469 457 1538 205,
490 1465 570 1523 1447
596 1476 628 1510 Ν
652 1469 701 1536 62,
733 1463 839 1523 Trach.
868 1484 919 1527 vv.
945 1463 1005 1522 947
1030 1476 1062 1510 N
1086 1469 1135 1538 50,
1166 1470 1226 1523 948
1250 1477 1282 1512 Ν
1308 1469 1359 1538 51,

333 1573 411 1628 1008
436 1580 469 1615 Ν
493 1573 542 1640 30,
565 1568 614 1626 Δί.
639 1586 689 1627 vv.
707 1572 767 1625 608
793 1578 825 1612 Ν
849 1567 902 1644 21)
924 1585 1035 1644 ⁴omnes
1058 1567 1219 1645 —inquit
1241 1599 1281 1610 —
1304 1569 1361 1628 du·

328 1670 401 1750 plici
425 1671 480 1730 illo
503 1670 599 1744 modo,
633 1669 806 1744 logeoedioo
830 1670 880 1728 vel
900 1669 1038 1742 iambico,
1069 1669 1171 1728 metiri
1193 1689 1361 1748 possumus,

328 1775 380 1834 aed
402 1773 483 1832 felici
500 1793 570 1833 6666
586 1772 697 1844 666611,
721 1779 756 1831 61
770 1773 829 1831 (166
845 1791 952 1832 versus
967 1771 1174 1846 inveniantur,
1197 1773 1249 1852 qui
1270 1794 1362 1832 unam

327 1882 445 1936 tantum
461 1895 632 1936 mensuram
648 1875 827 1934 admittunt:
846 1874 892 1932 El.
909 1894 937 1933 v.
956 1881 1016 1934 209
1038 1888 1070 1922 Ν
1089 1881 1138 1949 29,
1161 1881 1222 1935 210
1246 1889 1278 1924 Ν
1303 1882 1361 1935 8οε

329 1970 376 2048 οἷς
398 1973 470 2049 θεός
502 1971 520 2038 ὅ
549 1975 639 2055 μέγας
661 1970 828 2053 Ὀλύμπιος
850 1990 882 2024 Ν
907 1969 988 2035 docte
1018 1970 1046 2049 μ’
1069 1970 1151 2035 ἄνετε
1181 1972 1361 2057 παράγοροι,

328 2079 452 2156 ποίνιμα
476 2074 579 2138 πάθεα
595 2074 708 2139 coceio
728 2075 819 2157 πόροι
842 2093 874 2127 Ν
897 2075 966 2137 τάδε
989 2075 1045 2158 prio
1068 2073 1159 2138 11666
1183 2076 1360 2156 κεκλήσεται.

327 2231 334 2243 .
359 2232 367 2246 .
392 2229 399 2242 .
446 2183 504 2248 Qui
528 2182 623 2258 igitur
639 2183 805 2244 choriambi
819 2183 947 2261 primam
968 2183 1047 2244 aolvi
1069 2203 1155 2260 posse
1177 2188 1294 2262 661661,
1317 2185 1362 2243 616

328 2287 520 2347 statuendum
544 2292 605 2358 ast,
636 2288 815 2365 Sophoclem
837 2288 895 2345 hoo
917 2288 983 2346 loco
1007 2287 1125 2364 dactylo
1148 2286 1180 2346 in
1203 2287 1283 2347 basi:
1314 2278 1362 2356 οἷς

328 2384 401 2457 θεός
424 2395 455 2448 61
479 2388 603 2463 ποίνιμα
633 2390 828 2468 tribrachyn:
860 2381 942 2446 dvm
972 2394 1003 2449 61
1033 2383 1104 2446 τάδε
1134 2382 1190 2466 γάρ
1220 2389 1252 2447 16
1282 2390 1361 2449 6611-

327 2494 451 2568 atropha
474 2493 666 2569 opposuisse,
697 2495 777 2572 quod
807 2511 929 2571 prorsus
959 2497 1065 2552 contra
1088 2493 1243 2570 Sophoclis
1273 2514 1361 2552 usum

326 2599 472 2673 pugnat.
497 2639 504 2654 .
529 2640 535 2654 .
580 2593 633 2653 Illi
665 2595 760 2670 igitur
782 2616 888 2656 voraua
917 2595 948 2653 in
972 2596 1018 2654 El.
1043 2601 1104 2653 209
1128 2616 1172 2675 aq.
1202 2595 1267 2654 sine
1298 2595 1361 2655 ulla

327 2697 517 2757 dubitatione
540 2719 594 2773 pro
617 2697 753 2757 iambicis
776 2697 913 2757 dimetria
937 2698 1025 2757 huius
1048 2717 1205 2758 mensurae
1227 2698 1359 2758 habendi

327 2804 412 2859 aunt:
436 2813 687 2859 xenodocho
699 2847 732 2875 -,
754 2801 838 2859 nulla
853 2805 951 2860 autem
969 2821 1056 2860 causa
1074 2806 1128 2873 est,
1152 2821 1204 2860 cur
1226 2800 1360 2880 reliquos

327 2902 397 2960 illos
421 2922 510 2979 supra
533 2903 640 2962 allatos
656 2905 693 2960 ab
716 2904 824 2962 horum
844 2903 982 2978 analogia
1004 2904 1144 2963 recedere
1167 2903 1358 2980 putemus’1).

413 3021 500 3079 Nihil
515 3021 646 3100 denique
670 3023 771 3082 valere
787 3025 882 3096 docet,
906 3024 987 3103 quod
1002 3024 1139 3082 Electrae
1161 3023 1215 3082 illa
1237 3025 1359 3101 stropho

326 3145 387 3183 non
410 3125 451 3182 ait
471 3124 657 3199 logaoedica,
690 3145 757 3185 cum
782 3125 890 3205 reliqui
913 3147 1018 3186 versus
1040 3147 1099 3185 666
1124 3127 1220 3186 solum
1243 3127 1275 3185 in
1298 3146 1358 3186 me-

326 3227 384 3285 diis
400 3226 583 3302 logaoedicis
600 3235 768 3301 occurrant,
791 3228 949 3288 sedetiam
971 3228 1100 3288 iambico
1124 3235 1220 3289 metro
1236 3237 1358 3305 accepto

326 3328 384 3387 soli
405 3328 527 3388 iambici
551 3328 664 3388 sintin
688 3331 869 3391 carminibus
891 3331 1087 3407 logaoediois,
1117 3332 1188 3412 quia
1215 3332 1358 3391 nimirum

326 3451 387 3489 non
409 3451 478 3490 raro
500 3431 662 3509 Sophocles
686 3433 870 3493 carminibus
893 3441 946 3518 661
967 3454 1088 3510 prorsus
1115 3439 1168 3494 aut
1196 3433 1357 3494 maximam

326 3539 443 3610 partem
465 3534 647 3608 logeoediois
670 3556 762 3595 unum
786 3536 953 3597 alterumve
974 3536 1136 3597 iambicum
1152 3539 1203 3597 vel
1226 3537 1358 3596 trochai-

327 3657 394 3696 cum
409 3656 530 3697 versum
554 3636 754 3710 admiscuerit,
777 3640 815 3697 ad
832 3641 910 3717 quod
925 3640 1189 3700 demonstrandum
1212 3639 1359 3700 nonnulla

327 3738 485 3817 proposuit
507 3740 654 3817 exempla.

412 3845 531 3903 Revera
552 3842 633 3902 idem
656 3842 730 3903 lecit
751 3843 926 3922 Euripides,
956 3847 992 3906 cf.
1016 3847 1067 3904 Ba.
1090 3866 1140 3907 vv.
1166 3846 1225 3904 875
1251 3858 1283 3892 Ν
1307 3851 1356 3919 95,

332 3995 531 4003 ——--—-—.....

398 4059 422 4124 1)
441 4064 473 4110 Et
491 4063 636 4111 Seebasaius
654 4070 679 4111 et
697 4065 809 4112 Electrae
827 4080 916 4113 versus
934 4064 961 4131 (l.
979 4081 999 4114 o.
1020 4081 1043 4126 6.
1064 4068 1096 4114 20
1109 4089 1141 4108 =
1155 4065 1188 4130 V)
1206 4072 1230 4114 61
1249 4067 1356 4128 reliquos

327 4148 438 4196 iambicis
456 4150 529 4196 166116
548 4151 728 4197 adnumeravit.
