3184 4916
653 503 865 568 -ffl-

245 676 339 736 traxit
361 696 508 735 unacum
532 675 649 735 ultima:
680 669 734 733 τᾶν
761 677 815 733 τοῦ
843 671 1006 756 δράκοντος
1034 672 1169 754 ἐκγενέτα
1195 678 1271 735 Πεν-

245 774 325 847 ee'ffig
338 777 375 856 ¹).

331 968 484 1026 Postremo
516 966 583 1024 addi
620 973 738 1042 oportet
775 987 823 1026 aas
853 970 1048 1044 pantapodias
1081 969 1274 1041 catalecticus,

247 1090 323 1148 quae
346 1069 493 1146 dactylum
517 1070 618 1128 ferunt
639 1070 670 1126 in
694 1075 827 1129 extremo
851 1071 969 1143 ordine,
995 1071 1038 1130 ita
1059 1077 1092 1130 ut
1115 1071 1213 1130 exitus
1235 1071 1275 1130 sit

247 1171 470 1231 choriambicus.
509 1171 686 1230 Huiusmodi
710 1191 813 1232 versus
836 1193 896 1231 non
919 1173 962 1231 ita
984 1193 1087 1233 severe
1110 1193 1174 1233 esse
1197 1193 1275 1232 com-

246 1276 360 1350 positos
381 1273 435 1333 vix
458 1273 610 1346 mirabere,
643 1274 714 1352 quia
743 1294 819 1353 quae
849 1275 1049 1335 choriambum
1073 1276 1277 1348 antegreditur

247 1396 315 1452 pars
343 1376 426 1455 quasi
457 1395 511 1453 pro
534 1375 623 1450 longa
644 1377 788 1437 habeatur
810 1377 882 1451 basi,
912 1378 944 1435 in
976 1397 1035 1456 qua
1056 1377 1209 1435 formanda
1231 1377 1276 1434 in-

249 1480 429 1554 dulgentiam
452 1481 557 1554 poetae
578 1477 740 1538 identidem
763 1483 835 1555 puto
858 1481 1060 1555 cognovimus.

335 1582 442 1640 Forma
463 1579 616 1656 primitiva
646 1567 791 1660 nusquam
815 1604 885 1643 usus
907 1589 953 1642 est
975 1581 1142 1658 Euripides.
1187 1582 1277 1640 Prae-

250 1690 338 1742 ennte
375 1682 509 1742 anaorusi
547 1682 659 1757 primus
696 1703 799 1744 versus
839 1685 982 1761 produxit
1018 1683 1140 1743 alteram
1178 1684 1276 1742 thesin

249 1786 442 1846 trochaicam:

334 1890 370 1947 fr.
395 1893 467 1964 901,
491 1891 507 1945 5
533 1879 607 1964 tireio
630 1887 715 1961 θεοῦ,
738 1882 808 1957 τούς
830 1881 861 1947 d'
885 1881 1080 1963 εὐτυχοῦντας
1102 1880 1166 1965 ἄγει
1181 1884 1219 1964 ²),

251 1991 395 2050 secundus
416 2010 520 2050 versus
543 1989 690 2049 exstinxit
712 1991 809 2050 thesin
833 1992 969 2051 tertiam:
1026 2065 1029 2070 Ι

334 2096 371 2153 fr.
397 2098 487 2166 1132,
512 2097 550 2151 55
575 2085 595 2168 ἣ
618 2086 730 2168 μήποτ’
758 2086 847 2166 ὤφελ’
874 2091 955 2170 εἰςθ)
973 2080 1033 2152 ὦτα
1049 2089 1159 2171 φέρειν,
1183 2114 1275 2172 aquo

252 2217 310 2254 non
335 2197 459 2255 multum
482 2201 528 2254 est
550 2195 683 2255 diversus

336 2281 417 2377 dycl.
443 2304 491 2371 63,
515 2298 566 2356 ubi
582 2297 732 2357 dirimitur
747 2299 822 2358 alter
834 2300 1006 2359 trochaeus:
1022 2289 1059 2356 od
1074 2296 1143 2379 τᾷδε
1154 2298 1184 2376 4)
1201 2292 1278 2376 Βρό-

252 2421 327 2476 μιος,
351 2393 388 2458 οὐ
413 2397 481 2481 τᾷδε
503 2397 594 2476 χοροί.

335 2503 454 2562 Novum
477 2501 611 2562 ordinem
634 2503 714 2561 misit

336 2608 360 2664 Ι.
383 2608 421 2664 Α.
449 2610 537 2677 1080,
560 2604 611 2663 ubi
635 2605 812 2680 diremptum
836 2606 940 2679 pedem
963 2605 1108 2665 initialem
1128 2608 1276 2681 spondeus

250 2710 433 2788 insequitur:
456 2701 488 2765 σὲ
510 2698 542 2764 d’
566 2702 615 2765 ἐπὶ
637 2699 714 2783 τιάρα
736 2701 882 2779 στέψουσι
904 2699 1093 2780 καλλικόμαν.

336 2812 374 2869 In
398 2812 511 2869 duobus
539 2808 662 2888 reliquis
684 2809 819 2869 versibus
848 2809 1016 2868 choriambo
1039 2810 1212 2886 praefigitur
1235 2810 1277 2868 di-

252 2916 409 2992 spondeus,
432 2913 593 2988 dispondeo

339 3016 364 3076 Ι.
394 3018 430 3074 Δ.
457 3017 515 3072 795
533 3014 619 3092 sq.⁵)
651 3014 835 3092 tribrachys:
874 3009 952 3071 ἔτεκε
984 3007 1074 3088 Λήδα
1113 3007 1139 3072 σ’
1175 3006 1280 3092 devehi

253 3115 402 3200 πταμένῳ,

322 3407 348 3471 1)
367 3404 491 3465 Πενῦέως
508 3422 553 3468 per
571 3408 706 3468 synizasln,
725 3409 756 3456 of.
776 3423 800 3456 v.
822 3409 894 3456 1166.

321 3484 953 3558 mfflfflmmmammu

323 3596 349 3656 3)
368 3596 407 3643 An
426 3597 505 3643 mavis
523 3591 562 3653 ἐςτ
588 3575 939 3660 -}-vi-wi-w¹-?
975 3596 1012 3644 Cf.
1039 3603 1121 3645 tamen
1142 3597 1281 3657 proximum

253 3696 361 3729 vorsum.

323 3766 351 3829 4)
369 3765 432 3819 τᾶδε
450 3767 580 3826 utrobique
599 3767 670 3814 codd.
690 3768 822 3832 (witam),
840 3767 905 3814 unde
923 3771 1066 3828 scripsimus
1077 3767 1150 3834 τᾷδε,
1168 3773 1195 3814 ut
1207 3781 1283 3827 supra

255 3869 279 3900 v.
299 3857 331 3901 49
355 3851 390 3918 (p.
409 3855 441 3902 58
461 3852 493 3900 ad
513 3851 554 3916 o),
579 3855 610 3900 cf.
630 3868 653 3899 v.
673 3855 718 3901 44:
744 3845 774 3902 ου’
791 3844 855 3919 τᾷδ’
875 3847 1004 3917 duriaco<
1030 3844 1097 3915 αὔρα
1123 3849 1174 3902 κτὲ,
1194 3879 1227 3886 -—
1245 3853 1284 3899 De

256 3940 364 3986 numeris
381 3943 538 3997 comparetur
556 3939 643 3986 similis
662 3940 738 3998 locus,
768 3953 817 3985 uno
844 3943 925 3985 tamen
952 3939 1015 3997 pede
1039 3937 1070 3984 ab
1088 3938 1158 3985 initio
1176 3937 1284 3995 brevior,

255 4026 287 4071 Η,
307 4026 323 4071 f.
342 4039 385 4070 vv.
405 4025 454 4071 639
471 4041 496 4068 <e
512 4026 558 4072 56:
585 4020 721 4089 βαρύτερον
745 4021 834 4080 Αἴτνας
861 4019 990 4072 σκοπέλων
1010 4028 1053 4070 etc.
1079 4021 1114 4088 (p.
1133 4025 1184 4082 37).
1220 4023 1284 4070 Vide

255 4115 363 4157 ceterum
381 4124 406 4170 p.
426 4112 458 4157 10
475 4109 507 4156 ad
527 4112 549 4156 1.

325 4195 496 4258 &OEph
