3184 4916
634 425 846 494 ..25-

224 603 407 681 respondere
429 603 449 663 i.
470 623 495 663 e.
518 601 604 664 basin
626 601 785 665 iambicam
806 620 954 682 nusquam
976 601 1102 661 distrahi
1126 600 1254 682 ideoque

224 710 417 766 tetrasemam
439 710 513 783 puto
535 703 632 784 aooipi
653 706 741 779 velle,
771 725 859 784 quam
880 723 943 764 rem
965 703 1129 782 plurimum
1151 704 1252 764 velere

226 813 459 869 consentaneum
475 812 521 867 est
535 809 573 868 ad
594 828 760 882 numerum,
784 827 842 888 quo
864 806 944 869 basis
966 807 1020 866 illa
1041 805 1169 866 iambica
1190 826 1253 866 me-

224 911 327 970 tienda
342 910 390 984 sit,
413 911 469 971 hoo
483 909 568 971 dieo:
589 906 728 994 olsslm
763 909 831 974 Qua
851 909 969 970 ratione
984 929 1051 970 cum
1073 908 1170 986 prima
1191 909 1252 989 syl·

223 1015 293 1074 leba
314 1035 493 1074 acacruseos
516 1013 580 1075 looo
603 1013 702 1092 posita
731 1013 780 1088 sit,
811 1012 952 1072 facillimo
984 1011 1074 1071 etiarn
1098 1010 1170 1070 satis
1192 1011 1252 1070 fre·

225 1135 320 1196 quens
339 1115 421 1177 inter
443 1115 575 1176 iambum
591 1122 622 1176 et
642 1115 808 1194 spondeum
828 1114 984 1194 responsio
1007 1113 1201 1190 intellegatur
1222 1117 1253 1172 et

223 1219 403 1294 perforatur.

309 1339 369 1399 Sed
390 1338 570 1417 respondeat
588 1337 756 1418 quispiam:
778 1339 905 1399 alteram
926 1335 1071 1398 metiendi
1094 1336 1252 1410 rationem,

224 1438 372 1523 le.l...,
393 1441 432 1500 iis
455 1441 561 1519 procul
576 1439 667 1500 dubio
682 1440 845 1502 convenire
867 1439 999 1518 paribus,
1021 1460 1098 1521 quae
1119 1437 1249 1501 iambum

222 1545 456 1620 respondentem
478 1543 642 1603 exhibeant
669 1544 820 1604 trochaeo.
872 1543 1086 1616 concederem,
1115 1542 1141 1603 si
1170 1546 1253 1603 certa

223 1646 313 1706 huius
334 1645 555 1722 discrepantiae
577 1647 715 1722 exempla
746 1651 865 1723 praesto
891 1647 1006 1707 essent!
1050 1645 1142 1722 Apud
1163 1644 1251 1706 Euri·

222 1748 323 1826 pidem
346 1749 483 1808 invenies
498 1749 592 1822 nulla,
615 1753 646 1809 et
660 1767 736 1828 quae
749 1769 788 1810 ex
804 1751 953 1828 Aeschylo
968 1748 1118 1825 Sophocle
1134 1746 1251 1807 Aristo-

223 1853 323 1928 phane
344 1849 480 1928 depromi
503 1852 610 1924 solent,
640 1871 678 1910 ne
700 1850 743 1911 eis
766 1851 887 1933 quidem
915 1851 1004 1913 iidem
1028 1849 1134 1910 haberi
1163 1868 1251 1928 posse

222 1953 302 2012 infra
324 1953 604 2014 demonstrabimus.

308 2073 447 2134 Ceterum
468 2073 629 2150 illegitima
650 2075 704 2134 illa
734 2074 816 2134 inter
837 2075 996 2136 iambicum
1019 2074 1125 2150 pedem
1145 2077 1176 2132 ot
1197 2071 1251 2131 tri·

223 2178 344 2236 brevem
366 2176 548 2254 conspiratio
570 2198 631 2238 non
655 2178 751 2237 solum
774 2179 811 2237 ab
834 2177 979 2254 Euripide
1001 2169 1100 2236 aliena
1122 2179 1176 2249 est,
1199 2194 1251 2235 ve-

222 2298 287 2337 rum
310 2278 399 2338 etiam
421 2300 440 2339 a
458 2279 606 2358 Sophocle
627 2281 787 2357 Aeschylo,
810 2299 866 2340 neo
887 2299 1038 2358 proponas
1059 2277 1152 2339 velim
1175 2296 1250 2358 quos

222 2379 372 2441 (lhristius
395 2380 427 2459 (1.
452 2403 477 2441 a.
501 2403 530 2460 p.
552 2384 626 2458 521)
650 2403 689 2442 ex
711 2383 912 2462 Aristophane
935 2382 1025 2442 offert
1046 2401 1161 2455 versus,
1184 2400 1249 2440 cum

221 2483 311 2544 valde
333 2482 395 2543 sint
417 2484 539 2556 turbati,
562 2486 743 2564 Thesmoph.
768 2490 826 2545 991
852 2498 885 2533 ω
909 2490 967 2544 96:
998 2476 1104 2562 (εὔιον,
1131 2470 1155 2542 ὦ
1179 2474 1250 2541 Διό-

222 2579 445 2666 νυσε11Βρόμιε
467 2583 516 2645 καὶ
540 2584 671 2663 Σεμέλας
692 2591 750 2646 παῖ
766 2606 791 2632 ω
816 2581 1013 2665 κιθαιροίυιος
1034 2578 1106 2662 ἠχώ.
1150 2583 1250 2650 Quid?

221 2690 301 2770 quod
316 2689 507 2749 Hermannus
530 2691 660 2751 mutavit
682 2696 713 2751 et
734 2691 871 2770 Blaydes.
895 2690 953 2767 (ed.
973 2691 1067 2768 1880)
1084 2688 1116 2748 in
1131 2692 1249 2748 textum

221 2792 352 2870 recepit:
376 2777 413 2869 (oi
436 2783 541 2870 Bpo‘pr'
564 2783 625 2862 eil,
650 2787 833 2874 εὐοῖ)1Διὸς
854 2789 904 2851 καὶ
928 2787 1058 2867 Σεμέλας
1080 2789 1154 2848 croi?

306 2911 464 2971 Postrema
486 2913 681 2974 Pherecratei
710 2914 807 2973 forma
836 2916 942 2974 baseos
971 2911 1148 2991 tribrachyn
1180 2931 1248 2972 con-

221 3018 342 3074 centum
365 3013 442 3074 inire
464 3013 549 3074 iubet
570 3034 635 3074 cum
659 3017 808 3094 spondeo:

307 3132 374 3192 Hel.
394 3137 475 3192 1494
492 3145 524 3181 Ν
543 3138 621 3194 1511
646 3127 733 3194 πόλιν
756 3128 828 3194 ilolv
850 3128 945 3211 δόμον
960 3127 1023 3210 ἥξει
1039 3148 1072 3183 ω
1090 3133 1250 3210 Φοιβείους

221 3229 270 3292 ἐπὶ
293 3227 437 3312 πύργους.

306 3355 526 3432 comprobatur
552 3361 708 3433 praeterea
735 3357 784 3417 his
812 3357 902 3418 locis:
931 3358 994 3419 ibd.
1019 3362 1246 3419 1498e1510

222 3451 411 3534 Meve'lsooel)
427 3451 471 3516 du
480 3451 640 3535 Δαρδάνου
656 3472 689 3507 ω
705 3455 761 3518 οὐκ
777 3453 908 3518 ἐλθοῦσά
924 3453 988 3520 ποτ’
1002 3453 1101 3537 Ἰλίου,
1116 3463 1167 3522 Ba.
1187 3467 1244 3522 111

222 3679 386 3737 1158ω72,
412 3694 462 3726 non
487 3694 661 3738 memorarem,
684 3679 732 3727 nisi
756 3682 894 3740 proferrent
912 3683 1048 3732 Rossbach.
1068 3649 1093 3732 dt
1110 3685 1248 3746 Westphal.

220 3764 406 3829 (1.1.p.oee³)
424 3764 498 3824 idque
515 3766 609 3812 solum:
627 3766 741 3825 elabitur,
760 3767 893 3816 dummodo
911 3775 976 3817 recte
994 3770 1110 3827 metiaris,
1129 3771 1161 3817 ct.
1176 3785 1200 3829 p.
1214 3773 1247 3818 28

220 3849 251 3897 ad
264 3853 287 3896 2.
317 3850 428 3909 Namque
445 3865 520 3909 quam
536 3850 585 3898 viri
603 3851 640 3898 illi
653 3852 719 3900 docti
737 3852 902 3901 adhibuerunt
920 3855 945 3900 in
957 3857 1007 3902 arsi
1022 3855 1132 3903 trochaei
1149 3855 1247 3920 (iambi)

221 3935 408 3995 eorreptionem,
427 3949 481 3982 eam
497 3935 523 3981 in
542 3936 634 3997 dactyli
653 3943 747 3986 tantum
767 3939 831 3986 thesi
857 3939 888 3986 ab
905 3939 1022 4001 Euripide
1046 3940 1146 3987 tolerari
1172 3955 1248 4001 supra

220 4020 333 4081 diximus,
353 4035 376 4081 p.
396 4024 410 4070 2
429 4021 460 4068 ad
480 4024 502 4070 3.

290 4122 314 4186 1)
333 4119 466 4182 Μενέλεως
483 4125 601 4173 Matthiae
620 4123 771 4193 (Schmidt.)]
790 4123 924 4184 Μενέλαος.
