3184 4916
723 359 938 428 ,58-

408 532 452 590 Ιο.
471 535 530 591 467
549 545 582 581 Ν
600 533 681 610 871)
697 535 827 594 iambus:
849 533 1023 614 κασίγνηται
1040 532 1157 611 Φοίβου
1175 551 1352 611 οεμυοταται

325 647 357 682 Ν
373 630 482 713 τροφαὶ
505 628 620 710 κήδειοι
642 635 756 695 κεδνῶν
777 655 809 715 γε
831 632 949 696 τέκνων.

408 736 527 810 Omnes,
551 757 624 818 quas
646 737 781 816 adhu02)
811 739 1003 815 protulimus,
1035 741 1232 817 pentapodiao
1258 761 1349 800 unum

394 962 421 1018 1)
439 960 494 1008 Hoc
515 974 632 1007 versuum
656 974 715 1020 par,
741 957 893 1024 κασίγνηται
919 957 1011 1025 σεμναὶ
1034 956 1079 1012 τοῦ
1105 958 1201 1026 Φοίβου
1217 979 1242 1008 <o
1259 959 1352 1026 τροφαὶ

323 1039 424 1109 κήδειοι
441 1042 536 1098 κεδνῶν
555 1059 585 1108 γε
602 1043 704 1104 τέκνων,
730 1046 773 1092 alii
787 1046 870 1094 'aliter
888 1046 919 1094 ad
936 1046 1124 1107 responsionem
1142 1047 1253 1108 redigere
1270 1048 1352 1094 eonati

322 1136 395 1178 suut:
420 1132 626 1193 simplicissimam
652 1132 773 1179 rationem
796 1131 971 1194 adhibuerunt,
994 1134 1036 1192 qui
1059 1134 1205 1193 particulam
1222 1130 1261 1197 γέ,
1286 1148 1351 1193 quae

323 1218 384 1265 falso
402 1218 428 1266 in
447 1217 466 1265 0
483 1220 570 1267 deesse
588 1218 724 1276 dicebatur,
743 1218 896 1278 deleverunt,
921 1219 947 1265 in
965 1219 1004 1267 hia
1022 1218 1182 1266 Dindorfina:
1210 1219 1351 1288 ‘Baccheus

322 1309 348 1352 et
365 1304 414 1352 duo
433 1297 550 1353 molossi'
569 1304 659 1368 (Metra
677 1319 702 1364 p.
716 1301 785 1365 817).
817 1304 975 1352 Hermannns
992 1309 1121 1365 praeterea
1138 1301 1183 1355 τοῦ
1202 1305 1307 1353 mutavit
1323 1307 1350 1352 in

323 1386 384 1439 {teob
403 1395 428 1438 et
445 1391 599 1450 transposuit
615 1405 640 1438 v.
654 1393 703 1439 487
723 1389 815 1437 verba:
834 1390 878 1458 ‘V.
890 1392 940 1439 467
957 1403 987 1438 ex
1000 1391 1136 1451 antispasto
1151 1396 1188 1437 est
1200 1395 1224 1438 ot
1236 1390 1350 1439 dochmio

323 1475 480 1535 compositus.
501 1501 533 1511 —
552 1475 583 1521 V.
602 1476 652 1523 487
672 1474 830 1522 scribendum
848 1475 962 1523 videtur:
986 1489 1023 1539 τρ.
1042 1475 1110 1526 κεδν.
1130 1469 1190 1539 κη’δ.
1210 1490 1232 1525 τ.
1251 1477 1294 1524 vel
1311 1492 1350 1540 tp.

324 1560 390 1612 κεδν.
409 1574 431 1609 τ.
444 1553 533 1623 κη’δ.’;
552 1561 594 1608 vel
611 1559 708 1607 tertiam
727 1559 793 1608 idem
805 1560 895 1608 obtulit
906 1561 1027 1609 medelam
1045 1559 1104 1625 (rec.
1115 1562 1180 1609 1887
1193 1575 1218 1620 p.
1231 1563 1264 1610 46
1277 1561 1349 1624 aqq.).

393 1645 510 1694 Neutrius
529 1646 577 1692 viri
595 1646 713 1693 lectiones
732 1646 804 1693 facile
822 1647 941 1707 recipias:
959 1661 992 1693 an
1013 1651 1106 1694 remoto
1119 1645 1164 1693 illo
1176 1641 1207 1710 γὲ
1220 1646 1351 1696 dimetrum

325 1737 487 1794 anapaestum
505 1732 634 1792 intelleges
651 1732 886 1793 hypercatalectum,
905 1746 961 1778 cum
978 1733 1008 1791 ei,
1027 1732 1057 1780 de
1069 1747 1118 1792 quo
1130 1745 1211 1779 sermo
1223 1736 1267 1790 ost,
1286 1737 1349 1780 stro·

323 1821 427 1881 pharum
445 1817 499 1878 pari
518 1817 661 1878 logaoedico
678 1830 743 1864 unus
760 1821 826 1864 oerto
844 1816 1004 1878 interpositus
1022 1817 1054 1864 ait
1071 1818 1174 1865 dimeter
1192 1823 1348 1879 anapaestus,

323 1920 364 1951 vv.
378 1907 429 1953 470
442 1917 474 1951 ω
489 1904 541 1952 90?
568 1903 606 1949 Ne
623 1904 670 1949 hoo
688 1902 786 1962 quidem
803 1901 931 1964 probabile
948 1905 1047 1951 videtur
1059 1909 1160 1964 proptor
1171 1904 1348 1965 inelegantiam

324 1990 427 2038 numeri.

390 2075 553 2132 Fritaschiua,
580 2073 701 2134 probante
719 2073 862 2134 Schmidtio,
887 2073 923 2121 sic
940 2075 1061 2122 correxit:
1087 2072 1240 2140 κασίγνηται
1256 2068 1350 2148 (τεμνό-

321 2176 395 2212 τατιιι
413 2157 510 2226 Φοίβου
523 2156 660 2223 ωτροφοιὶ
685 2155 784 2222 κήδειοι
807 2155 902 2209 τεκέων
930 2159 1038 2212 aedicio:
1064 2175 1113 2208 non
1140 2162 1205 2208 mala
1230 2161 1348 2220 proiecto,

322 2254 430 2295 attamen
449 2261 494 2307 pro
512 2246 631 2294 memoria
648 2246 703 2304 loci,
723 2246 821 2305 qualern
839 2245 941 2305 praebet
957 2246 1057 2295 Wilam.
1076 2244 1103 2313 (l.
1121 2248 1137 2293 l.
1157 2261 1181 2307 p.
1200 2249 1232 2294 98
1251 2251 1276 2294 et
1289 2245 1349 2310 94);

322 2329 428 2405 ‘erponi
446 2329 543 2398 Φοίβου
561 2329 602 2378 120
623 2329 667 2383 τοῦ
691 2332 778 2379 inserit
795 2330 833 2378 θ’
862 2345 913 2378 non
939 2333 1013 2380 solita
1036 2337 1135 2381 vetusta
1160 2338 1243 2381 tamen
1267 2346 1348 2379 manu.

322 2434 352 2483 γε
370 2415 463 2469 τέκνων
483 2415 523 2465 ΡΟ
538 2431 568 2481 γε
586 2417 634 2464 del.
654 2411 687 2476 c’,
706 2431 751 2465 nos
770 2421 917 2465 concentum
934 2432 1052 2466 versuum
1069 2419 1149 2466 lenius
1167 2419 1203 2465 ita
1219 2413 1348 2466 restituen-

322 2506 381 2551 dum
398 2504 525 2552 duximus:
553 2499 705 2566 κασίγνηται
729 2500 826 2569 Φοίβου
852 2499 1013 2567 σεμνότατοι,
1041 2503 1066 2551 in
1093 2503 1248 2565 antistropha
1272 2504 1350 2552 secuti

322 2590 473 2639 memoriam.

395 2674 421 2742 2)
440 2677 461 2724 1.
480 2677 510 2723 Δ.
528 2690 555 2722 ν.
574 2676 648 2734 1998,
670 2675 738 2722 cuius
756 2679 861 2722 menum
878 2675 1050 2735 logaoedicum
1067 2689 1082 2721 a
1100 2675 1228 2723 nonnullis
1243 2679 1349 2735 putetur,

323 2761 407 2821 paucis
425 2774 525 2809 necesse
542 2766 579 2808 est
590 2761 631 2808 hic
641 2765 772 2807 tractetur:
790 2757 879 2826 (1295)
897 2759 990 2823 κρῆναι
1001 2757 1115 2824 Νυμφᾶν
1130 2763 1226 2812 κεῖνται
1241 2757 1245 2826 Ι
1261 2759 1349 2826 (1998)

323 2840 416 2910 λειμών
434 2840 461 2895 τ’,
474 2838 564 2897 ἄνθεσι
583 2837 682 2896 βάλλων
698 2843 702 2912 Ι
718 2847 807 2912 (1997)
827 2847 943 2912 χλωροῖς,
965 2833 995 2896 οὗ
1013 2841 1133 2910 ροδὸεντα
1148 2845 1152 2911 Ι
1168 2845 1256 2918 (1998)
1275 2838 1350 2897 ἄνθε’

322 2925 454 2982 ιῖακίνθινά
472 2945 501 2982 τε
518 2930 604 2983 θεαῖσι
621 2927 729 2995 δρέπειν·

393 3016 521 3065 Schmidtii
540 3018 669 3078 scriptura,
691 3010 784 3080 λειμοίν
802 3010 830 3066 τ’
843 3015 997 3082 -χλωροῖς
1011 3014 1015 3080 Ι
1031 3004 1062 3066 οὗ
1080 3010 1198 3080 §obteris
1217 3009 1349 3067 contuberni

324 3095 352 3153 τ’
370 3093 449 3153 ἄνθεα
468 3100 553 3153 &fotor
570 3100 685 3167 δρέπειν,
712 3102 841 3150 eliciuntur
858 3103 956 3163 dactyli.
976 3128 1009 3138 -
1025 3102 1183 3149 Hermannus
1201 3103 1276 3162 legit:
1302 3101 1349 3151 λει-

325 3184 380 3250 μών
397 3179 470 3236 τ’-
483 3187 595 3254 χλοεροῖς
613 3183 657 3237 καί
674 3181 798 3252 ῥοδόεντ’,
823 3188 946 3235 adnotans
969 3200 1070 3258 ‘versus
1088 3187 1271 3235 choriambious
1290 3180 1349 3245 est',

323 3263 445 3323 dotr'-
458 3271 530 3330 βέᾶῐς
555 3270 663 3336 δρέπειν,
687 3287 792 3341 ενετουο
809 3281 846 3321 est
863 3266 1019 3333 paeonicus’.
1055 3273 1094 3320 De
1120 3273 1168 3320 hoc
1191 3286 1265 3321 versu
1292 3287 1349 3320 con-

324 3358 411 3418 sentio,
429 3359 473 3406 sed
490 3359 662 3407 antecedentes
688 3364 739 3408 tres
756 3373 844 3408 versus
861 3373 917 3407 mea
934 3359 1055 3406 sententia
1072 3372 1122 3405 non
1141 3359 1234 3406 debent
1251 3359 1350 3418 tentari,

324 3443 366 3503 qui
391 3443 478 3504 optimi
501 3444 550 3491 sint
575 3445 672 3492 dimetri
696 3445 777 3493 ionici.
813 3446 899 3504 Neque
925 3443 1001 3504 igitur
1024 3444 1163 3505 adstipulor
1180 3442 1280 3503 Weilio,
1308 3445 1349 3503 qui

324 3545 349 3576 ν.
363 3532 428 3579 1995
442 3528 581 3577 distribuit:
599 3526 712 3593 Νυμφᾶν
728 3533 732 3592 Ι
748 3533 850 3589 κεῖνται,
863 3544 943 3590 noque
955 3530 1108 3589 Hermanno,
1121 3527 1264 3578 Schmidtio.
1286 3527 1350 3576 Con-

324 3615 390 3664 feraa
407 3615 483 3664 velim
500 3615 545 3662 Ba.
564 3631 607 3662 vv.
622 3617 732 3674 150sq.:
751 3609 874 3678 τρυφερὸν
893 3610 985 3666 πλόκον
1004 3611 1041 3672 εἰς
1058 3610 1151 3676 αίβίροι
1166 3610 1258 3678 ῥίπτων
1275 3612 1279 3679 Ι
1295 3605 1351 3678 ἅμα

324 3693 353 3751 δ’
372 3692 417 3750 ἐπ’
442 3694 584 3765 ειίοὶσμασιν
609 3697 754 3765 ἐπιβρέμει,
781 3699 824 3747 ubi
850 3700 963 3748 similiter
989 3699 1097 3746 ionicum
1128 3699 1239 3758 sequitur
1262 3714 1350 3750 versus

325 3800 471 3847 paeomcus:

492 3868 1057 3955 υυζ)υυ.ί-)υυέ-()Ἒυ-)-υἳ2
1081 3902 1173 3932 -υ-.

324 3969 427 4025 Ilissos
444 3974 537 4034 recepit
553 3974 723 4023 Weckleiniua
740 3973 789 4034 (ed.
810 3972 888 4037 1879)
912 3988 957 4033 pro
981 3969 1112 4037 πλόκαμον
1139 3988 1152 4021 e
1169 3973 1275 4034 Burgesi
1292 3987 1349 4020 con-

324 4059 425 4118 iectura,
443 4073 492 4121 qna
510 4073 582 4122 quam
600 4060 719 4108 molestus
735 4058 808 4106 abeat
825 4073 913 4108 vorsus
930 4059 1001 4109 facile
1018 4059 1149 4120 intellegis.
