3184 4916
657 497 877 566 -59-

242 680 357 736 tentum
374 674 499 753 dactylis
515 680 724 739 concesserunt
739 674 851 744 locum3
873 675 1054 734 attribuendi
1071 679 1141 734 sunt
1156 675 1275 735 ordines

244 777 445 854 compluribus
468 777 565 836 ornati
588 776 730 855 dactylis:

245 883 358 940 duobus
379 879 466 940 initio
490 880 619 939 ordinis:
647 870 832 957 Ἐρεχθεῒὸαι
855 871 887 937 τό
912 871 1038 938 παλαιόν
1060 870 1156 954 όίβιοι
1171 893 1205 927 Ν
1220 882 1274 939 τοῦ

245 974 455 1041 καλλινόονΐ
479 974 540 1040 tut
565 982 708 1057 Κηφισοῦ
729 974 804 1060 dode

331 1087 409 1146 Med.
434 1090 494 1142 824
511 1097 544 1133 ω
560 1088 599 1143 35
855 1086 947 1167 Andr.
972 1089 1032 1142 826
1050 1097 1083 1132 <v
1100 1090 1139 1143 30

246 1195 276 1250 et
298 1190 395 1249 delete
416 1189 524 1266 prioris
546 1189 679 1249 trochaei
702 1183 796 1249 thesi:

331 1292 426 1368 Hipp.
453 1290 534 1351 1279
557 1284 611 1349 τόν
624 1285 726 1360 ’Ἅλιος
748 1284 913 1367 αἰθόμενος
935 1287 1078 1370 δέρκεται,

248 1397 279 1455 in
302 1395 399 1454 medio
422 1395 541 1454 ordine:

331 1499 356 1557 I.
379 1497 412 1557 Τ.
437 1502 497 1555 845
522 1484 546 1555 ὦ
571 1495 764 1566 Κυκλωπίδες
787 1492 879 1556 ἑστίαι
902 1483 927 1555 ὦ
949 1495 1056 1574 πατρίς

248 1605 278 1661 et
299 1606 423 1660 extensa
445 1599 522 1660 thesi
545 1599 736 1676 extremcl):

336 1702 386 1762 Or.
413 1707 492 1761 1465
516 1695 535 1759 il
558 1693 591 1759 d'
613 1693 751 1778 οἶνίακχεν
774 1699 881 1777 ίακχεν,
906 1693 982 1775 όόμοι
1004 1723 1064 1776 μοι.

334 1805 428 1866 Adice
445 1805 490 1866 ΕΙ,
506 1810 565 1864 144
585 1821 610 1848 ω
632 1809 668 1863 61
685 1804 715 1882 ²)
731 1796 834 1883 πάτερ,
850 1800 898 1862 σοὶ
913 1796 989 1862 κατὰ
1007 1805 1060 1883 γᾶς
1075 1800 1169 1862 ἐνέπω
1184 1797 1276 1882 γόους

250 1922 282 1958 Ν
298 1909 408 1986 πικρᾶς
430 1899 462 1966 δ’
478 1905 511 1966 ἐκ
536 1907 644 1987 Τροΐας
666 1899 752 1966 όδίου
774 1906 895 1982 βουλᾶς,
920 1909 970 1987 qui
993 1927 1097 1967 versus
1119 1909 1155 1964 cb
1178 1907 1276 1965 iambo

250 2011 404 2070 exordium
427 2011 577 2087 capientes
598 2010 631 2069 in
646 2012 706 2069 fine
721 2015 888 2071 accuratum
905 2016 1080 2070 concentum
1098 2030 1158 2068 non
1174 2014 1278 2069 curent

249 2116 299 2190 (cf.
323 2118 451 2172 ceterum
474 2134 502 2188 p.
521 2113 557 2172 17
575 2115 632 2192 sq.)

333 2216 433 2275 Unum
463 2216 632 2292 exemplum
662 2215 788 2294 dactylis
819 2216 905 2276 initio
928 2214 1068 2293 repositis
1090 2215 1121 2272 in
1145 2215 1277 2294 quinque

251 2319 360 2378 desinit
381 2318 510 2396 syllabas
532 2317 652 2392 longas:

335 2421 395 2480 Rh.
425 2425 484 2479 461
504 2433 537 2468 ω
555 2421 613 2478 827
629 2422 656 2496 ³)
695 2410 814 2498 ἀνδρῶν
852 2413 995 2498 ἐπόρευσε
1024 2415 1114 2478 σέθεν
1145 2416 1278 2496 κρείσσω.

250 2525 314 2592 πῶς
336 2543 386 2598 μοι
401 2536 434 2571 ω
450 2516 487 2581 ori
508 2517 562 2592 τοὶς
584 2515 803 2598 Σιμοεντιάδας
825 2515 932 2601 πηγός.
957 2516 998 2598 μή
1021 2542 1082 2598 μοι.

334 2625 462 2685 Ultimus
483 2645 587 2686 versus
610 2645 626 2686 e
647 2625 744 2686 tribus
766 2629 881 2685 constat
896 2624 1033 2704 dactylis,
1056 2625 1193 2696 molosso,
1209 2642 1278 2684 ane-

251 2729 328 2788 orusi
350 2728 451 2788 brevi:
1010 2801 1011 2804 Ἴ

336 2830 374 2891 Η.
397 2831 417 2888 f.
442 2834 523 2888 1208
546 2822 681 2908 γενειάδα
703 2825 754 2888 καί
777 2821 851 2908 γόνυ
872 2824 924 2888 καί
946 2823 1015 2906 χέρα
1038 2826 1276 2906 προςπίτνωνί),

321 3072 346 3128 1)
364 3067 401 3114 Os.
421 3067 450 3112 tr.
471 3069 545 3126 1132,
565 3057 959 3129 621ἋργείαςἊκρίσισνπρό
979 3059 1067 3128 δόμων
1087 3057 1215 3131 στείχοντ’
1232 3064 1279 3130 (sic

251 3154 328 3202 velim
346 3167 391 3214 pro
411 3142 561 3218 &stycsrol
833 3209 836 3214 y

320 3237 346 3304 2)
364 3233 446 3288 ἐνέπω
456 3232 653 3302 8οἱι11.]ἐννε’πω.
684 3230 779 3299 Τροΐας
790 3233 877 3303 Dind]
890 3233 984 3301 τροίας.
1013 3229 1084 3286 ὁδίου
1096 3231 1193 3300 Herm]
1208 3227 1277 3286 ὁδοῦ.

321 3324 348 3389 8)
366 3323 405 3371 cf.
424 3337 448 3383 p.
466 3325 497 3372 17
517 3323 548 3370 ad
566 3325 590 3375 8.

319 3407 346 3475 4)
364 3410 412 3457 Per
430 3423 456 3457 se
474 3408 554 3455 media
570 3403 728 3470 προσπίτνων
745 3407 816 3454 verbi
834 3407 933 3468 syllaba
956 3406 1040 3455 brevis
1058 3420 1111 3455 esse
1129 3410 1211 3466 potest
1235 3406 1278 3465 (cf.

251 3497 292 3543 El.
309 3511 334 3544 v.
354 3498 401 3545 221
423 3497 493 3553 etc),
519 3497 593 3552 atque
618 3492 761 3540 Dindorfius
785 3505 886 3539 versum
914 3491 949 3538 ita
973 3492 1088 3539 metitur:
1108 3495 1278 3560 ‘...Lu..,

253 3575 474 3643 dactylico-trech?
509 3579 557 3627 Sed
580 3579 607 3624 in
630 3577 720 3624 talibus
737 3576 866 3624 ordinibus
890 3576 1019 3638 dactylicis
1037 3577 1063 3623 in
1084 3579 1219 3625 molossum
1237 3593 1278 3625 cx·

252 3668 366 3716 euntibus
384 3666 482 3728 syllaba
499 3663 651 3725 paenultima
663 3676 783 3721 nusquam
795 3675 886 3723 anceps
898 3661 1006 3710 admisse
1020 3661 1117 3709 videtur
1130 3663 1172 3722 (cf.
1188 3662 1278 3711 Christ.

252 3753 445 3813 1.1.p.228);
470 3752 554 3810 itaque
579 3749 691 3796 ordinem
712 3753 824 3794 nostrum
847 3747 874 3793 in
898 3749 1033 3795 molossum
1054 3748 1135 3806 potius
1162 3760 1235 3804 quam
1253 3747 1278 3792 in

252 3839 368 3887 creticum
394 3838 506 3886 desinere
529 3833 645 3881 iudicavi.
662 3860 696 3869 —
715 3833 808 3881 Eadem
830 3834 861 3880 de
877 3847 951 3880 causa
969 3833 1046 3880 Andr.
1065 3847 1108 3878 vv.
1127 3833 1177 3879 480
1191 3844 1224 3879 ω
1237 3833 1278 3889 87,

252 3919 317 3974 κατὰ
343 3917 474 3987 πηδαλίων
497 3916 593 3982 διδόμα
618 3914 748 3983 πραπίδων
766 3913 901 3982 γνωμαω
915 3914 1029 3967 Μενέλα·
1057 3911 1098 3966 διὰ
1125 3910 1174 3979 γὰρ
1200 3911 1280 3979 πυρὸς

252 3995 319 4072 rilb'
337 4003 416 4072 ἑτέρῳ
435 4003 510 4074 λέχει,
537 4020 582 4052 suo
599 4005 653 4052 iure
670 4018 714 4063 pro
733 4001 801 4069 λέχει
818 4004 843 4049 in
862 4007 955 4050 textum
972 4001 1095 4060 recepisse
1111 4015 1200 4047 censeo
1219 4000 1279 4046 Din-

254 4095 358 4141 dorfium
377 4091 482 4158 λέκτρῳ,
502 4090 619 4150 Lentingi
637 4090 812 4137 coniectorem.
847 4087 941 4135 Eadem
959 4087 991 4133 de
1008 4100 1083 4134 causa
1100 4086 1132 4133 H.
1146 4086 1162 4132 f.
1175 4101 1200 4132 v.
1213 4087 1279 4134 1065

256 4179 405 4240 dactylicum
424 4176 552 4225 statuerim
570 4175 670 4234 exitum,
696 4189 745 4222 non
764 4173 893 4233 creticum,
919 4171 1031 4220 simodo
1049 4186 1125 4220 sanus
1143 4178 1180 4220 est
1197 4173 1280 4219 locus:
