3184 4916
596 885 733 955 Tabula
752 889 973 972 argumenti.

1224 1113 1297 1159 basina

269 1181 419 1242 Praefatio
469 1225 1206 1244 ...............
1276 1188 1289 1241 l

272 1285 415 1343 Versuum
437 1285 671 1358 logaoedicorum
696 1257 823 1344 formae:

355 1387 483 1462 Dipodia
520 1429 1208 1448 ..............
1277 1393 1294 1446 2

354 1489 494 1566 Tripodia
523 1533 1208 1549 ..............
1278 1496 1294 1547 5

352 1592 531 1667 Tetrapodia
571 1635 1210 1653 .............
1256 1593 1294 1651 27

353 1695 538 1770 Pentapodia
573 1737 1209 1754 .............
1256 1701 1295 1755 52

354 1798 533 1874 Hexapodia
570 1840 1210 1857 .............
1256 1804 1295 1856 63

354 1900 544 1976 Heptapodia
574 1943 1209 1962 .............
1256 1901 1294 1959 67

354 2003 527 2078 Priapeus.
572 2047 579 2062 .
625 2047 632 2061 .
678 2049 683 2061 .
730 2047 736 2061 .
783 2048 789 2060 .
836 2046 842 2060 .
890 1988 903 2059 .”
942 2045 1210 2061 ......
1256 2003 1294 2060 67

353 2105 463 2164 Versus
486 2125 525 2162 ex
544 2104 646 2163 ordine
665 2104 836 2178 logaoedico
860 2111 890 2162 et
912 2103 1108 2162 choriambico
1133 2122 1210 2163 oom-

396 2207 485 2282 positi
519 2251 1208 2268 ..............
1255 2208 1293 2266 70

275 2301 277 2307 ’
353 2309 397 2368 De
421 2311 649 2369 commutatione
673 2310 854 2387 dactylorum
887 2353 1207 2370 .......
1254 2310 1293 2368 72

353 2413 398 2470 De
420 2413 617 2488 diremptione
641 2410 823 2489 dactylorum
885 2455 1208 2471 .......
1254 2414 1292 2471 75

354 2517 398 2575 De
422 2516 569 2575 solutions
592 2515 702 2592 dactyli
727 2558 1206 2574 ..........
1254 2516 1291 2574 77

353 2601 397 2676 De
420 2620 482 2677 basi
505 2619 693 2695 anapaestico
727 2661 1207 2678 ..........
1254 2623 1293 2677 80

268 2722 565 2797 comprehenduntur·
586 2721 667 2796 leges
725 2763 1207 2781 ..........
1254 2726 1292 2778 83

269 2825 312 2882 De
336 2824 532 2883 solutionibus
572 2867 1208 2884 .............
1254 2828 1292 2881 85

269 2926 312 2984 De
335 2926 459 3002 spondei
481 2927 512 2984 in
537 2927 701 3002 posteriore
724 2926 835 2984 ordinis
858 2932 942 3000 parte
965 2947 1049 2984 usu.
1096 2972 1101 2983 .
1148 2972 1153 2984 .
1199 2973 1206 2986 .
1253 2931 1292 2983 88

270 3029 355 3087 Paria
377 3037 511 3088 accurate
534 3029 744 3104 respondentia
766 3035 959 3105 opponuntur
977 3030 1145 3088 inaccurate
1160 3049 1208 3087 re-

311 3131 525 3207 spondentibus
569 3175 1207 3191 .............
1253 3136 1291 3190 91

269 3235 450 3314 Frequantia
470 3255 609 3296 versuum
632 3235 794 3293 solutorum
818 3241 1003 3310 comparatur
1026 3255 1090 3293 cum
1115 3234 1208 3293 versi·

311 3339 367 3396 bus
389 3358 449 3396 non
472 3338 576 3397 solutis
625 3381 1208 3398 ............
1254 3343 1293 3394 92

268 3441 365 3498 Index
387 3441 518 3500 locorum
571 3484 1206 3502 .............
1254 3445 1293 3497 94
