3184 4916
673 479 881 546 ,13-

359 653 428 714 Hel.
455 660 532 715 1491
553 668 585 704 N
604 660 684 716 1508
871 657 898 716 Ι.
919 660 958 716 Α.
985 660 1066 716 1050
1083 670 1115 704 Ν
1132 657 1172 715 72

357 740 449 799 Phoe.
473 746 533 801 205
552 754 585 788 Ν
606 743 640 801 17
873 743 922 802 Βο.
948 747 1009 802 869
1025 756 1058 792 Ν
1075 748 1124 803 89.

349 843 389 901 nt
416 843 447 902 in
478 844 540 903 bani
581 851 612 904 et
643 844 674 902 in
704 844 838 903 anacrnoi
870 879 911 888 -
941 845 997 904 nisi
1029 846 1179 922 epicorum
1209 862 1291 902 more

263 939 407 1018 ordicovo’
439 947 575 1006 vocabuli
606 948 749 1024 syllabam
777 948 906 1024 priorem
929 969 983 1024 pro
1006 948 1096 1023 longa
1117 949 1227 1007 habeas
1249 980 1290 989 -

264 1047 458 1122 neglegenter
479 1049 560 1109 inter
582 1069 613 1107 oe
635 1050 818 1129 respondent

349 1150 395 1212 El.
417 1171 467 1212 vv.
492 1150 551 1210 735
570 1163 602 1198 Ν
619 1157 676 1212 45:
700 1146 846 1225 ‹cdivovc’
868 1144 1079 1232 ἀπειρόδροσοι
1093 1152 1121 1231 l)
1138 1166 1171 1202 N
1187 1138 1230 1211 civ
1251 1144 1290 1211 ori

263 1256 430 1328 μνασθεῖσα
452 1248 550 1317 πόσιν.

350 1356 529 1438 'l'ribrachyo
552 1360 659 1419 deinde
681 1359 812 1418 trochaei
835 1358 901 1417 rice
922 1357 1075 1432 fungitur:
1106 1353 1194 1416 τέκνα
1216 1350 1290 1417 τέκν’

264 1449 364 1518 οὐκέτι
386 1452 425 1536 δή

348 1561 415 1622 Alc.
438 1563 499 1622 270
870 1562 962 1622 Phoe.
990 1566 1068 1621 1531

348 1649 372 1706 Ι.
395 1649 428 1708 Τ.
455 1651 535 1707 1253
552 1661 585 1697 N
602 1650 641 1708 78
870 1647 896 1708 Ι.
920 1653 956 1708 Δ.
982 1647 1116 1722 21122),

262 1751 455 1810 antecedente
477 1753 609 1812 anacrnei
634 1751 736 1812 brevi:

347 1852 374 1913 I.
394 1855 432 1911 A.
457 1858 519 1913 206
542 1846 594 1912 τόν
618 1846 759 1928 ἰσάνεμόν
781 1873 811 1912 τε
833 1851 951 1927 ποδοῖν,

263 1955 397 2014 anacrusi
419 1954 525 2031 longa:
549 1948 605 2014 ἀλλ’
631 1953 674 2016 ἔτι
696 1950 763 2015 κατ’
790 1947 869 2033 οἶδμ’
892 1949 976 2014 ἅλιον

348 2056 417 2121 1101.
442 2064 511 2132 520,
537 2058 639 2135 οισι)
820 2059 875 2120 οι.
900 2059 1031 2138 nau).

277 2247 279 2254 Ι
348 2179 508 2237 Iambicam
532 2179 660 2260 denique
693 2180 776 2239 bacin
801 2180 962 2240 admittunt
984 2199 1087 2239 rcroue
1109 2180 1291 2256 iogaoedici:

262 2286 294 2340 at
322 2281 353 2339 in
384 2300 428 2353 eo,
460 2283 496 2339 de
527 2301 586 2360 quo
616 2302 711 2342 ecrmo
735 2289 788 2354 est,
819 2282 922 2341 ordine
952 2287 1064 2342 certum
1094 2283 1184 2342 huius
1206 2283 1291 2360 pedis

262 2383 430 2460 exemplum
455 2404 513 2442 non
538 2390 644 2458 exstat,
668 2385 723 2444 nisi
749 2385 908 2459 coningere
933 2385 977 2444 vis
999 2386 1035 2444 ad

347 2486 394 2546 El.
417 2506 446 2546 v.
476 2491 532 2544 150
546 2484 575 2564 ⁵)
595 2483 612 2543 ’ἒ
634 2484 656 2558 ἕ,
680 2479 790 2565 δρύπτε
813 2479 902 2561 κάρα,
926 2487 976 2567 qui
999 2493 1107 2560 tamen
1132 2489 1290 2568 quominus

261 2588 519 2649 interiectionibus
554 2607 729 2649 anecrueccs
758 2589 819 2649 rim
848 2590 1028 2663 tribuamus,
1067 2610 1125 2649 non
1157 2591 1291 2667 impedit,

262 2691 356 2768 aut‘)
379 2692 415 2749 ad
437 2698 592 2768 corruptos
614 2692 755 2752 videlicet

347 2794 450 2871 Snppi.
473 2815 522 2855 vv.
547 2799 607 2852 960
624 2806 657 2841 Ν
673 2799 723 2856 68.
756 2793 842 2858 Quod
866 2795 944 2853 enim
973 2795 1171 2868 anonnullis‚
1195 2799 1229 2854 ut
1252 2797 1290 2855 ab

334 3053 359 3110 1)
376 3043 556 3114 ἀπειρόδροσοι
573 3046 688 3116 Bothioa]
708 3041 807 3114 ἄπειροι
824 3045 927 3114 δρόσου.

330 3137 356 3199 2)
374 3137 412 3187 (ti.
429 3151 455 3198 p.
474 3139 488 3184 9
507 3137 539 3184 ad
557 3140 582 3185 2.

330 3221 356 3290 3)
377 3218 478 3286 εἰναλίῳ
489 3217 586 3286 Herm]
600 3217 702 3285 ἐνολῑῳ.
716 3247 749 3257 -
761 3213 830 3272 πόδα
839 3222 923 3270 versui
933 3223 982 3271 525
997 3223 1126 3282 adscripsi,
1140 3231 1166 3269 ut
1178 3223 1218 3270 hic
1230 3238 1289 3284 quo-

261 3323 309 3368 qne
326 3309 396 3356 fieret
413 3308 578 3368 logaoedicne,
596 3321 652 3354 cnm
670 3313 767 3368 practer
784 3308 891 3368 primum
910 3322 996 3355 ornnes
1014 3323 1102 3355 versus
1120 3309 1170 3356 sint
1186 3323 1288 3357 numero

262 3394 413 3454 logaoedico.
450 3393 565 3440 Ceterum
584 3393 649 3439 inira
666 3393 803 3440 redibimus
821 3394 852 3440 ad
871 3393 937 3440 hunc
955 3408 1064 3441 versum.

331 3479 358 3538 4)
387 3479 444 3526 Non
480 3478 551 3526 licuit
586 3479 718 3526 Dindorfic
752 3479 844 3538 (Merra
879 3493 902 3538 p.
934 3479 977 3537 80)
1016 3481 1127 3526 ordinem
1169 3487 1288 3538 nostrum,

261 3544 523 3632 „innocui-wi„
542 3565 654 3612 conferre
672 3578 727 3611 curn
746 3563 803 3610 hoc:
823 3544 1083 3632 -vi..i-wi-;
1101 3567 1175 3612 immo
1194 3567 1238 3613 ilia
1253 3572 1290 3613 cst

261 3652 369 3712 tripudia
391 3652 504 3699 ιιιιοιιιιί
529 3651 658 3711 praedita,
682 3650 742 3698 hacc
769 3650 922 3711 tetrapodia:
946 3666 1068 3711 nusquam
1095 3652 1161 3699 enim
1185 3652 1289 3700 solvitur

262 3732 349 3800 μακρὰ
366 3737 475 3786 tricema.

331 3826 358 3882 5)
376 3824 472 3871 Novem
491 3836 578 3871 verene
597 3837 626 3869 ex
644 3821 691 3869 hoc
710 3821 818 3870 carmine
837 3823 957 3870 excidisse
976 3827 1046 3882 putat
1059 3822 1197 3883 Nanckine,
1214 3823 1289 3870 ceteri

262 3909 411 3970 intellegunt
428 3903 572 3973 μεοῳδούς.
593 3933 624 3943 -
644 3908 794 3966 medardus,
821 3923 894 3968 quern
920 3908 1031 3966 seqnitur
1049 3908 1162 3966 Weiiiue,
1180 3922 1225 3968 pro
1242 3903 1288 3958 ἓέ

261 3995 287 4042 in
307 4000 400 4043 textum
418 3995 511 4055 recepit
529 3990 569 4059 ἐή.

331 4083 357 4145 6)
375 4083 396 4128 Ε
416 4081 527 4128 frustulis
545 4080 674 4140 fragmenti
694 4082 752 4141 099,
772 4072 878 4144 οἷγήρων
896 4071 1001 4143 ἀρετήν,
1018 4079 1060 4125 vix
1079 4078 1212 4138 quidquam
1231 4095 1289 4126 con-

262 4168 356 4216 eludas.
