3184 4916
735 389 947 456 ..48-

414 567 439 626 1.
463 566 495 624 τ.
520 570 581 626 νει
934 566 993 626 uh.
1017 570 1078 626 rea
1094 577 1127 613 ω
1145 569 1204 624 ειν

414 696 431 725 ,,
469 697 487 725 ,,
523 651 707 710 ινεοωιε
955 698 972 725 ,,
1018 650 1226 726 carmem)

413 739 458 797 10.
484 740 563 796 1⁴58
957 782 973 811 „
1019 740 1206 796 νοοωυιι

415 824 467 883 ur.
494 823 572 881 ιντο
957 867 975 896 ,,
1020 820 1257 899 peremat).

416 944 474 1000 Pro
497 940 594 1019 primo
616 941 757 1002 trochaeo
780 943 873 1003 semel
895 946 1021 1020 apparet
1043 942 1208 1020 spondeus:

414 1045 438 1103 I.
454 1046 493 1104 A.
510 1044 568 1103 761
587 1056 620 1092 Ν
637 1045 676 1103 72
702 1039 880 1120 μαντόσυνοι
900 1037 1043 1104 συντείνοντ’
1060 1038 1188 1122 ἀνάγκαι
1202 1056 1235 1091 Ν
1251 1037 1358 1101 ἀσπίσι

328 1143 380 1204 καί
401 1139 519 1225 λόγχαις
537 1139 665 1223 Ἀχαιῶν

328 1248 461 1329 itemque
484 1269 538 1328 pro
562 1250 710 1310 seeundo:

414 1353 508 1432 Hipp.
536 1358 593 1410 162
618 1343 745 1434 ἀρμονίφι
767 1352 847 1435 κακᾷ
870 1345 1023 1422 δύστανος.

415 1455 514 1514 Semel
536 1453 737 1533 supprimitur
758 1456 855 1532 prima
876 1454 971 1515 thesis
994 1453 1160 1515 trochaica:

399 1691 424 1755 1)
443 1694 565 1752 Quattuor
591 1693 751 1741 nominativir
783 1691 938 1756 παιδολέτωρ
963 1689 1098 1757 μελοποιός
1123 1686 1227 1756 ἀηδονλς
1248 1689 1357 1756 μέριμνα

328 1779 383 1826 vitii
401 1785 466 1826 certe
484 1794 533 1826 non
553 1784 610 1825 sunt
628 1785 749 1840 expertes.
764 1775 885 1843 μέριμναν
898 1781 938 1826 vei
951 1775 1074 1842 μερίμνας
1086 1780 1215 1839 proposuit
1226 1778 1356 1836 Boethius,

331 1865 424 1927 recepit
441 1866 594 1913 Dindorfius.
629 1867 682 1913 lem
700 1867 732 1912 ari
750 1879 837 1913 vocem
859 1862 980 1929 μέριμναν
1001 1864 1063 1912 bene
1081 1866 1185 1913 relatum
1204 1871 1240 1913 est
1257 1864 1357 1912 adiecti·

328 1965 389 1998 vum
414 1945 554 2014 μελοποιός,
580 1952 633 1999 sive
657 1952 804 2012 comprobas
831 1948 955 2018 μελοποιοί
974 1977 1006 1986 -
1021 1948 1138 2017 μερίμνᾳ,
1157 1953 1222 2011 quod
1241 1951 1359 2020 ‘coniecit

332 2037 459 2085 Neuclrius
476 2063 510 2074 -
530 2051 560 2086 ac
578 2037 687 2104 μερίμνᾳ
704 2038 807 2098 praebet
827 2028 864 2082 A'
883 2036 910 2099 (l.
924 2051 944 2084 c.
958 2051 981 2098 p.
995 2035 1121 2100 XXXIV),
1140 2038 1193 2085 sive
1211 2038 1277 2098 quod
1295 2037 1357 2083 Eiti-

332 2124 386 2183 gius
410 2124 595 2188 (Gommentstt.
621 2124 647 2170 in
672 2124 730 2170 hon.
749 2121 870 2170 Ribbeck.
898 2123 964 2170 1888
982 2137 1006 2182 p.
1021 2123 1068 2170 btl
1084 2119 1146 2184 sq.)=
1172 2119 1304 2187 μελοποιὸν
1323 2149 1356 2158 -

331 2207 451 2273 μέριμναν
475 2209 517 2278 (li.
536 2223 558 2258 e.
577 2209 687 2256 carmina
704 2199 902 2268 suscitantem’),
926 2207 982 2255 coli.
1010 2207 1040 2254 ir.
1059 2209 1105 2255 7⁸1
1126 2209 1154 2268 (l.
1174 2207 1247 2271 ί73)ε
1268 2205 1357 2270 μέλπεν

331 2286 528 2357 terrestribus
547 2288 665 2357 ἁρμονίαν
684 2321 718 2330 -
729 2285 801 2343 Ἴτυν
813 2283 884 2342 Ἴτυν
903 2289 1067 2356 πολύθρηνον.

401 2395 425 2463 2)
444 2391 494 2447 ἀπό
517 2391 545 2446 τ’
563 2397 658 2454 Herm„
684 2391 732 2448 ιλττό
752 2389 781 2448 δ’
800 2396 853 2442 Fir.
872 2392 981 2460 (Dind.)]
1007 2389 1062 2446 ὑπ’.
1080 2422 1114 2431 -
1132 2395 1248 2443 Proxima
1266 2395 1356 2443 verba:

330 2475 399 2547 Ἰλίῳ
425 2474 507 2533 ὤλεσε
526 2478 571 2546 μὶν
590 2478 619 2532 σὲ
637 2477 702 2533 κατὰ
721 2478 817 2546 Τροίας
843 2487 869 2528 et
893 2482 976 2529 sensui
1001 2488 1141 2542 repugnent
1163 2487 1188 2530 et
1210 2487 1289 2530 metro
1313 2483 1356 2543 (oi.

331 2584 356 2618 v.
376 2567 450 2631 901):
467 2561 537 2632 Ἰλίῳ
557 2560 651 2618 ὤλεσεν
670 2564 700 2617 σέ
717 2558 745 2617 τ’
764 2564 872 2630 οἰκτρῶς
890 2568 975 2625 vuer,
993 2559 1063 2631 Ἰλίῳ
1082 2559 1177 2618 ὤλεσεν
1195 2564 1227 2618 τοὶ
1245 2563 1356 2633 ΤροίαςΙ

331 2652 440 2718 φίλτατα
464 2659 598 2715 praeeunte
620 2654 778 2711 Hermanno,
805 2652 848 2713 qui
865 2645 911 2702 Ἰλ.
937 2643 1019 2701 ὤλεσε
1045 2647 1090 2716 μέν
1115 2647 1147 2702 τοὶ
1165 2650 1212 2716 Τρ.
1228 2650 1233 2718 Ι
1248 2648 1358 2717 φίλτατα

331 2743 386 2805 (pro
411 2737 527 2804 φίλτατε)
551 2740 660 2799 scripsit,
684 2738 775 2786 obtulit
798 2739 954 2796 Dindortius3
981 2731 1032 2788 ιλιτό
1057 2730 1086 2788 τ’
1111 2735 1177 2803 (cum
1204 2735 1357 2798 Hermanno)

330 2820 385 2890 Ἱίῳ
404 2817 486 2875 ὤλεσε
505 2822 550 2888 μέν
569 2839 598 2874 σε
616 2821 697 2888 Τροία
720 2821 811 2890 (Τροία
829 2839 885 2871 cum
902 2820 1056 2887 binsgravic)
1084 2825 1190 2871 mutavit
1207 2823 1357 2870 Schmidtins

332 2910 360 2972 (i.
379 2911 396 2956 1.
414 2924 438 2971 p.
460 2908 582 2971 cnbvl).
620 2909 700 2967 Quam
724 2911 760 2957 ita
777 2911 876 2958 admisit
893 2911 957 2957 inter
975 2910 1117 2957 trochaeum
1136 2916 1160 2957 et
1177 2910 1302 2971 dactylum
1319 2924 1357 2957 re·

331 3012 499 3073 sponsionem,
522 3026 566 3054 υυ
576 2994 580 3075 Ι
590 3045 610 3056 -
619 3026 665 3055 w
678 2995 681 3077 ί
693 3046 712 3054 -
723 2979 767 3053 Ὁ]
778 2996 781 3079 ί
791 3027 841 3059 ..υ
852 2992 856 3079 ί
866 3047 886 3057 -
894 3028 917 3055 υ
924 3043 931 3070 ,
950 3027 1029 3072 neque
1041 3012 1137 3060 admitti
1149 3013 1219 3061 licuit
1236 3018 1260 3060 et
1271 3013 1359 3061 leniter

331 3098 412 3159 potuit
429 3099 522 3146 evitare
540 3095 658 3162 (πατέρος
675 3100 717 3146 vel
735 3090 831 3150 ὤλεσεν
851 3097 898 3162 σί).
917 3125 950 3150 ,-
977 3099 1040 3146 Coli.
1059 3099 1119 3146 Hec.
1138 3114 1164 3145 v.
1183 3101 1247 3147 922:
1265 3095 1358 3162 Τροίαν

330 3177 433 3242 Ἰλιάδ’,
451 3184 512 3254 Her.
531 3200 555 3231 r.
572 3186 652 3233 1008:
669 3178 781 3242 Ἀθάνας
798 3179 885 3244 Ἰλίας,
904 3186 959 3233 Hel.
975 3201 998 3232 v.
1015 3187 1096 3234 1164:
1116 3187 1260 3250 συμφοραῖς
1273 3175 1358 3241 Ἰλίας

332 3266 453 3339 (ςαίλίνοις
468 3271 496 3315 Γ.
514 3284 553 3333 γρ.
574 3265 646 3328 ίλίοις
663 3271 827 3331 suprascribit
844 3264 902 3316 0¹'
920 3272 1018 3318 Wiiam.
1036 3285 1061 3332 p.
1081 3271 1128 3330 οὓς
1152 3271 1285 3339 ‘Matthiae
1308 3269 1357 3317 edi·

332 3356 413 3402 dit...
435 3349 554 3420 [ἀὶλλίοις]
574 3350 600 3406 ἐν
619 3360 763 3420 συμφοραῖς
779 3349 895 3408 Ἰλίοιοιν.
931 3357 1033 3417 Sequuti
1050 3363 1108 3404 sunt
1124 3356 1153 3404 1..
1172 3356 1316 3404 Dindorfius
1334 3361 1359 3402 et

331 3441 469 3500 Pflugkins.
504 3442 561 3489 Non
580 3434 677 3499 ἀθλίοις
695 3448 836 3504 suspectum
854 3457 908 3491 esse
927 3442 1039 3502 debebat,
1061 3443 1104 3491 sed
1124 3445 1275 3508 συμφοραῖς,
1293 3443 1358 3503 quod

331 3533 409 3575 metro
428 3534 556 3588 repugnat.
592 3529 668 3577 Posui
692 3525 717 3579 έν
744 3523 842 3588 ἀθλίοις
858 3524 967 3582 ττάθεσιν
984 3521 1111 3580 Ἰλίοισιν’
1129 3530 1213 3578 Herm.
1231 3544 1280 3578 rec.
1299 3529 1357 3577 Hel.

334 3615 398 3663 18³7
412 3629 435 3674 p.
449 3612 508 3675 115)
526 3641 559 3651 -
577 3614 674 3664 collatis
692 3617 747 3664 dico
765 3617 834 3665 hisce
852 3617 971 3677 exemplis
989 3617 1095 3664 maxime
1113 3617 1173 3664 mihi
1187 3617 1223 3665 sie
1235 3616 1358 3676 corrigere

332 3701 439 3760 placuit:
459 3692 506 3750 ἀντί
527 3695 558 3751 δ’
575 3693 645 3766 Ἰλίῳ
663 3701 716 3765 (rel
732 3694 809 3769 Ἰλίῳ)
828 3693 922 3753 ὤλεσεν
942 3698 971 3752 oi
989 3699 1079 3769 Τροίᾳ.

401 3786 473 3844 Quod
491 3787 634 3836 Dindnrfius
660 3789 692 3836 ed
714 3803 802 3836 vocem
819 3782 889 3854 Ἰλίῳ
907 3789 1021 3837 adnout:
1048 3788 1167 3859 ‘Syllaba
1195 3790 1282 3837 ultima
1306 3804 1359 3837 ccr-

334 3877 412 3932 repta,
430 3879 458 3920 ut
474 3868 519 3922 ιιαλ
537 3879 594 3921 ante
610 3870 633 3924 οἳ
651 3875 781 3936 corripitur
798 3875 824 3922 in
842 3890 866 3921 ν.
887 3875 966 3923 ionico
979 3870 1261 3936 Aescn.8npp1.1oao',
1278 3877 1359 3937 aptius

332 3964 520 4019 comparentur:
545 3960 611 4008 Med.
631 3977 654 4008 v.
675 3963 724 4008 862
744 3956 816 4027 φόνῳ
835 3954 872 4021 οὗ,
894 3962 944 4011 ίλνᾶ.
964 3977 987 4009 v.
1009 3962 1066 4021 leo,
1083 3961 1143 4008 Her.
1161 3977 1201 4009 vv.
1222 3963 1280 4022 323,
1300 3963 1357 4021 375,

333 4045 412 4092 Andr.
431 4061 454 4093 v.
475 4046 547 4095 1010.
