3184 4916
685 469 874 536 ..7-

350 641 428 698 uec.
453 641 512 700 647
530 654 563 688 Ν
581 642 618 702 st
872 647 917 707 ΕΙ.
941 650 1021 719 710,
1037 663 1070 698 Ν
1089 657 1147 721 28.

263 747 355 821 atque
376 744 510 802 snserusi
534 746 713 822 praemissa:

349 846 373 904 I.
399 849 433 904 Α.
458 843 561 923 794'1)
585 844 612 904 εί
632 841 670 924 δή
692 841 783 921 φάτις
805 846 913 924 ἔτυμος
936 843 987 924 οἷς,

263 947 310 1006 cui
333 948 445 1008 formae
468 951 580 1026 optime
603 952 787 1013 adnectimus

349 1049 394 1109 [il.
409 1052 469 1110 732
487 1067 519 1101 Ν
535 1059 585 1126 42,
601 1054 652 1112 ubi
668 1057 808 1132 strophae
823 1061 938 1118 tantum
955 1059 1104 1120 dirimitur
1120 1062 1290 1122 trochacus:

264 1154 362 1236 θερμᾷ
385 1151 473 1233 φλογὶ
496 1149 641 1238 θεοπύρῳ
658 1171 691 1206 Ν
706 1160 820 1229 θνατᾶς
842 1155 940 1219 ἕνεκεν
962 1159 1055 1232 δίκας.

263 1257 325 1316 Nec
346 1257 480 1318 ultimam
503 1259 620 1334 longam
647 1279 708 1320 non
732 1261 854 1321 distrahi
879 1268 1041 1325 testantur:

347 1360 372 1420 I.
395 1365 432 1420 A.
460 1365 538 1420 1485
563 1359 666 1436 αἵμασι
690 1356 806 1438 θύμασί
828 1363 906 1443 rel),

347 1463 414 1521 Hel.
441 1467 521 1522 1314
540 1477 572 1512 Ν
590 1470 629 1522 32
658 1461 729 1540 μέτα
751 1467 858 1545 κοῦραι
872 1468 901 1546 ³)
931 1462 1110 1541 ἀελλόποδες
1126 1484 1159 1519 Ν
1175 1465 1291 1530 πόλεων

261 1559 292 1621 d’
319 1561 452 1625 ἐπέλειπε
474 1563 550 1643 βίος.

260 1745 289 1804 δ’
308 1745 353 1804 ἐπ’
371 1749 482 1820 ἐσχάραν
498 1753 502 1820 Ι
518 1748 607 1806 οὐκέτ’
633 1752 685 1822 ἔχω
703 1753 759 1806 τίνα
770 1770 802 1806 ω
813 1753 943 1819 κεραυνίου
959 1755 963 1823 Ι
979 1754 1020 1808 νῦν
1044 1755 1074 1810 δὲ
1100 1755 1154 1824 βίον
1171 1753 1221 1810 τίν’
1240 1753 1289 1816 ἔτ’,

260 1839 405 1898 pracsertim
423 1855 478 1886 curn
497 1841 616 1887 memoria
634 1841 753 1902 optimam
772 1841 891 1902 praebeat
906 1843 1101 1904 responsionem.

330 1923 543 1988 nOEpim

326 2008 352 2067 a)
370 2005 470 2075 tripart
487 2023 516 2060 τε
533 2011 602 2058 codd.
622 2012 663 2069 (ot,
678 2011 709 2058 dc
726 2012 866 2060 Wilamow.
885 2015 983 2082 ‘dunat
996 2007 1093 2075 Rumpf
1105 2029 1128 2074 p.
1141 2016 1194 2074 40),
1207 2016 1289 2073 weil,

263 2095 313 2142 alii.
349 2097 454 2144 Weiiius
481 2103 561 2144 tamen
587 2097 671 2144 addit:
699 2112 738 2168 ίτε
764 2099 896 2146 delendum
922 2113 976 2147 esse
1001 2099 1164 2160 probabiliter
1186 2101 1291 2148 coniecit

260 2175 390 2229 Botbius'.
425 2183 475 2230 ulii
496 2184 665 2243 praetulerunt
683 2179 795 2247 biuaolr
811 2199 848 2234 τε.
864 2211 896 2220 -
913 2185 1051 2246 Responsio
1074 2186 1174 2233 turbata
1198 2192 1242 2245 est,
1268 2188 1289 2234 si

259 2269 332 2314 modo
350 2282 451 2315 carmen
470 2268 565 2329 legibus
584 2269 770 2328 antistropbiois
789 2274 843 2317 erat
859 2269 1026 2318 constrictum.

329 2351 354 2413 3)
372 2355 460 2414 Agitur
478 2355 500 2400 ir.
520 2356 536 2400 l.
555 2355 585 2402 de
604 2354 693 2403 Cerere
712 2379 744 2390 -
771 2355 816 2402 etsi
844 2357 965 2404 nonnulla
990 2371 1038 2404 non
1064 2357 1215 2404 conveniunt
1240 2357 1288 2404 nisi

262 2439 287 2484 in
306 2438 425 2500 Cybelen,
450 2440 486 2486 ita
511 2447 537 2486 ut
553 2446 681 2500 utramque
699 2441 771 2487 deam
788 2441 931 2488 contudisse
950 2441 1065 2489 videatur
1083 2447 1157 2502 posta
1174 2467 1206 2478 -
1226 2457 1289 2502 quae

261 2523 343 2571 Diana
359 2531 434 2586 atquc
454 2526 564 2572 Minerva
582 2525 756 2573 comitantibus
781 2540 825 2586 per
843 2526 971 2575 silvestres
996 2529 1074 2575 saltus
1101 2533 1146 2575 etc.
1172 2533 1290 2589 properat

260 2611 336 2658 filiam
362 2611 475 2658 roboris
495 2611 612 2672 virgineis
629 2617 725 2672 raptam
744 2612 891 2672 quaesitum.
926 2614 964 2660 Dc
982 2613 1104 2661 sententia
1121 2613 1227 2661 dubitari
1246 2615 1288 2660 vix

261 2695 353 2756 possit,
381 2711 521 2756 quanquam
547 2699 666 2745 memoria
692 2699 826 2745 verborum
854 2699 915 2746 satis
942 2704 980 2747 est
1005 2700 1100 2746 incerta
1125 2699 1288 2759 inprimisque

260 2797 346 2829 versus
367 2784 441 2843 1³14,
466 2783 507 2842 qui
532 2797 587 2830 oum
611 2798 626 2829 a
651 2797 726 2830 versu
750 2784 935 2843 antistrophico,
962 2785 1036 2841 1382,
1063 2789 1115 2830 tum
1140 2785 1288 2832 abborreta

260 2881 340 2916 seusu.
377 2867 555 2915 Emendatione
574 2864 639 2931 μέτα
662 2865 822 2932 (Hermanni)
847 2867 937 2931 κοῦραι
961 2866 1071 2934 (Heatbii
1096 2874 1120 2916 et
1147 2867 1287 2936 Tyrwbitti)

259 2945 412 3009 ἀελλόποδες
431 2953 566 3000 restituitur
584 2959 706 3016 metrnm3
724 2953 806 3000 sensui
831 2960 858 3000 ut
880 2953 1042 3012 satisfaceret,
1068 2959 1195 3014 praeterea
1212 2954 1286 3002 scribi

259 3038 331 3084 iussit
348 3039 476 3099 Pflugkius
495 3036 573 3104 (1310
589 3038 650 3100 sq.)=
678 3037 765 3102 buccis
790 3053 819 3089 rs
846 3037 979 3104 αυζυγίους
1007 3035 1128 3099 ζεύξασαι
1154 3037 1203 3106 θεᾷ
1221 3033 1286 3100 ard,

259 3124 354 3171 scilicet
371 3120 503 3188 tribunos
529 3140 543 3173 c
566 3139 590 3172 ν.
610 3128 675 3174 1302
694 3121 800 3187 (totilla)
826 3124 976 3173 subaudiens
1001 3139 1137 3184 versusque
1165 3127 1230 3175 1308
1248 3140 1285 3184 sq.

259 3206 420 3270 uupsrfltrcrz
438 3210 589 3269 intellegens.
627 3209 677 3256 Sed
703 3210 753 3256 iam
771 3209 857 3257 Fixius
878 3210 987 3256 monuit:
1013 3211 1068 3279 ‘vix
1086 3223 1233 3269 quemqnam
1251 3213 1287 3281 iu·

259 3294 412 3342 tellecturum
430 3309 484 3342 csse
501 3295 607 3342 verbum
625 3289 758 3358 ioibpcar
776 3299 858 3342 mente
875 3288 1036 3355 iterandnm',
1054 3295 1214 3356 quamobrem
1232 3297 1286 3356 ipse

258 3381 400 3440 proposuit:
419 3378 506 3444 {lupuit
524 3373 553 3433 δ’
571 3373 627 3445 ἅμα
647 3378 747 3444 ζυγίους
766 3377 876 3448 ζευξάσᾳ
895 3379 944 3448 bsai
963 3375 1027 3442 atti,
1052 3383 1220 3430 Hermaunuur
1241 3383 1286 3429 ali-

258 3481 307 3526 qua
325 3481 355 3512 ex
373 3474 442 3526 parte
458 3474 564 3514 secutus.
601 3467 720 3514 Videmus
738 3466 813 3526 igitur
838 3471 895 3514 ante
912 3467 996 3512 omnia
1016 3467 1214 3516 coniunctionem
1233 3460 1285 3525 dra,

258 3553 278 3600 si
297 3553 401 3599 retinere
419 3554 542 3612 volumus,
561 3552 639 3601 verbo
658 3552 745 3600 instrui
763 3557 885 3613 oportere.
917 3553 1082 3611 Hermanno,
1099 3554 1141 3613 qni
1157 3555 1285 3601 absentem

258 3639 374 3698 strophas
391 3652 490 3686 versum
509 3639 599 3700 (1³18)
625 3643 683 3686 ants
700 3654 724 3685 v.
745 3640 823 3698 1317,
846 3631 966 3702 αὐγάζων
984 3632 1012 3690 δ’
1030 3634 1057 3696 ἐξ
1075 3631 1203 3701 οὐρανίων,
1221 3639 1284 3687 inss-

224 3786 226 3790 .
258 3725 361 3770 rendum
379 3738 433 3772 csse
450 3724 499 3771 sibi
518 3726 648 3784 persuasit,
666 3739 715 3772 uon
735 3730 792 3784 post
809 3725 878 3772 illum
896 3739 1010 3786 versum,
1035 3729 1063 3772 ut
1081 3726 1111 3771 L.
1131 3725 1284 3787 Diodorfius‚

256 3810 297 3870 qui
316 3810 410 3870 primns
428 3811 492 3857 bano
510 3811 623 3857 lacunam
642 3810 769 3870 indicavit,
787 3811 884 3857 initium
901 3810 979 3870 ipsius
998 3811 1071 3858 huius
1083 3825 1172 3859 versus
1188 3814 1283 3872 expleri

258 3895 312 3942 vult
328 3895 404 3943 verbo
422 3888 625 3960 προύξωρμῶντο
651 3897 755 3956 ideoque
772 3913 790 3955 c,
804 3911 829 3944 ν.
847 3898 914 3946 1317
938 3897 1086 3957 particulam
1104 3888 1131 3947 δ’
1150 3898 1227 3946 eicere
1243 3912 1283 3945 co·

256 3983 329 4041 gitur.
370 3981 443 4041 Legit
468 3981 543 4041 igitur
572 3982 611 4028 vir
635 3983 677 4029 ills
702 3982 802 4029 doctus:
833 3982 921 4045 buccis
953 3974 998 4032 ὅτε
1025 3979 1125 4046 ζυγίους
1145 3983 1150 4044 Ι
1173 3979 1283 4047 ζευξάσᾳ

257 4064 305 4130 beri
324 4093 357 4102 -
373 4064 378 4132 Ι
394 4065 459 4130 μέτα
477 4064 566 4130 κοῦραι
584 4059 737 4122 ἀελλόποδες
752 4066 757 4132 1
772 4093 804 4103 -
815 4061 938 4124 πάνοπλος
954 4065 958 4130 Ι
973 4059 1180 4131 προύξωρμῶντο.
1206 4063 1284 4127 (Ζεύς

256 4144 284 4205 δ’
303 4147 426 4216 ἑδράνων)
442 4152 446 4218 Ι
462 4147 581 4217 αὐγάζων
606 4149 632 4214 ίξ
658 4145 779 4217 οὐρανίων
795 4161 798 4219 Ι
814 4144 892 4204 ἄλλαν
911 4146 965 4204 κτὲ.
999 4153 1047 4201 Sed
1073 4154 1103 4201 ds
1120 4155 1204 4203 dativo
1230 4154 1283 4214 ζευ-
