3184 4916
700 440 1029 558 -93-“

290 667 447 740 Electram,
476 670 566 745 atque
595 666 627 725 in
644 668 869 738 ,Andromacha
899 666 990 728 velim
1021 665 1191 726 memineris
1216 687 1319 727 omnes

289 769 452 829 solutiones
473 768 504 826 in
527 789 587 827 uno
611 769 773 847 eodemque
796 769 927 829 excitato
950 771 1140 846 stropharum
1155 769 1219 846 pari
1234 787 1319 844 repc-

289 871 351 930 riri.
388 871 523 929 Orestem
547 870 675 948 denique
699 876 728 929 et
750 871 880 930 Bacchas
902 870 933 928 in
956 876 1090 929 extrema
1104 871 1203 946 priore
1218 871 1320 931 tabula
1370 887 1372 892 ⁴

290 974 508 1033 animadvertas
531 973 730 1033 severioribus
752 993 853 1032 rursus
875 992 982 1056 parere
994 972 1110 1047 legibus
1124 971 1317 1032 antitheticis.

291 1076 383 1135 Rhesi
405 1082 565 1134 auctor-
580 1081 614 1134 ut
635 1075 692 1135 hoc
714 1075 814 1135 statim
837 1094 970 1133 moneam
988 1107 1028 1117 —-
1048 1085 1164 1150 poetam
1188 1093 1219 1133 se
1235 1093 1319 1150 prae-

290 1178 375 1250 stitit,
398 1177 450 1257 qui
473 1176 646 1251 diligentius
669 1178 841 1237 observaret
863 1182 1022 1252 praecepta
1043 1177 1175 1236 metrica.

375 1279 460 1340 Viam
484 1284 592 1352 autam,
615 1300 673 1358 qne
695 1299 742 1337 ars
764 1278 926 1356 Euripides
946 1279 1181 1356 progrederetur,
1205 1279 1252 1337 his
1274 1283 1318 1338 ta-

289 1381 367 1441 bulis
390 1382 502 1458 optime
523 1388 595 1459 puto
619 1381 813 1458 patefactam:
838 1401 897 1460 quo
919 1381 1067 1440 recentior
1087 1383 1225 1460 ¹quaeque
1240 1389 1319 1441 esset

289 1483 398 1558 fabula,
421 1505 456 1544 eo
479 1485 618 1543 maiorem
642 1484 792 1543 licentiam
814 1484 870 1543 sibi
894 1484 1054 1560 sumpsisse
1076 1489 1203 1560 poetam,
1226 1483 1270 1544 ita
1284 1492 1318 1544 ut
1380 1485 1382 1489 ’

290 1587 377 1647 etiam
408 1588 444 1645 de
472 1587 609 1647 versibus
647 1586 826 1661 logaoedicis
857 1589 1072 1646 demonstrasse
1105 1587 1176 1645 milri
1208 1586 1318 1659 videar,

291 1708 367 1769 quae
398 1689 519 1749 Carolus
548 1689 714 1748 Fridericus
738 1688 902 1765 Mueller¹)
932 1690 968 1748 de
997 1689 1139 1749 trimetris
1167 1689 1317 1749 iambicis:

292 1812 408 1876 ‘verum
431 1793 543 1852 vidisse
566 1792 779 1863 Hermanuum,
804 1792 969 1862 recentiori
992 1797 1137 1870 tempore,
1159 1792 1316 1869 praecipue

288 1894 358 1954 iude
381 1897 418 1955 ab
441 1895 486 1954 Ol.
511 1894 678 1954 LXXXIX
710 1894 856 1971 corrumpi
887 1902 1020 1973 coeptam
1045 1913 1109 1954 essa
1140 1895 1316 1969 gravitatem
1377 1966 1381 1986 ,

290 2017 479 2057 numerorum
509 2018 542 2058 ac
576 1998 717 2057 maiorem
749 1997 893 2058 invasisse
924 1997 1105 2072 tragoediam
1134 1997 1243 2056 sensim
1272 1999 1317 2055 in·

289 2101 408 2171 curiam,
424 2101 569 2176 imprimis
584 2101 616 2158 in
631 2100 822 2160 admittendis
838 2099 1035 2159 solutionibus
1051 2099 1291 2175 pronuntiantem
1299 2092 1317 2160 '.

375 2210 452 2279 Apte
474 2204 505 2262 id
528 2223 647 2282 quoque
669 2205 705 2261 ad
728 2204 806 2263 hane
827 2203 1062 2262 observationem
1080 2203 1213 2281 quadrat,
1237 2203 1316 2281 quod

288 2306 461 2381 illegitimae
488 2307 556 2365 illae
578 2308 705 2379 formae,
732 2307 765 2364 in
794 2306 902 2385 quibus
934 2305 1043 2382 dactyli
1075 2324 1135 2363 nou
1158 2306 1261 2364 eodem
1283 2306 1315 2363 in

288 2411 411 2485 stropha
434 2417 523 2488 atque
546 2410 577 2467 in
599 2409 786 2485 antistropha
800 2408 864 2467 loco
881 2413 951 2466 sunt
966 2407 1101 2466 collocati
1117 2409 1158 2487 (p.
1173 2407 1212 2465 72
1225 2409 1312 2487 sqq.)‚

281 2519 333 2572 aut
347 2512 413 2570 aliis
428 2513 553 2590 pedibus
569 2512 733 2571 interiectis
749 2511 886 2587 dirempti
903 2520 973 2570 sunt
987 2511 1097 2588 dactyli
1113 2510 1154 2587 (p.
1168 2509 1206 2568 75
1224 2509 1313 2590 sqq.),

282 2620 334 2675 aut
355 2616 428 2674 arsis
451 2615 596 2693 dactylica
620 2615 759 2675 distracta
781 2616 900 2675 videtur
921 2614 963 2691 (p.
981 2613 1019 2672 77
1037 2615 1125 2695 sqq.)‚
1148 2633 1249 2672 omnes
1264 2613 1307 2670 in·

283 2718 445 2778 veniuntur
473 2718 505 2776 in
536 2716 647 2776 fabulis
677 2722 745 2795 post
771 2718 852 2775 illam
876 2722 1001 2776 aetatem
1024 2715 1204 2792 compositis.
1249 2715 1310 2773 Nec

283 2841 342 2880 non
365 2821 465 2879 favere
488 2820 533 2879 illi
555 2821 719 2880 Hermanni
737 2819 938 2880 observationi
955 2819 1141 2879 manifestum
1159 2825 1212 2890 est,
1233 2819 1311 2896 quod

283 2923 496 3000 exemplorum,
528 2942 603 3003 quae
635 2922 713 2982 arsin
737 2922 863 2981 solutam
887 2923 999 2981 duabus
1022 2924 1209 2981 conformant
1230 2922 1309 2980 voci·

283 3025 352 3099 bns,
383 3027 414 3085 in
436 3027 532 3086 tribus
554 3025 668 3084 ultimis
690 3025 851 3101 tragoediis
872 3026 921 3103 ‚(p.
939 3024 977 3082 87
994 3023 1051 3104 sq.)
1081 3025 1223 3106 pleraque
1252 3024 1312 3084 sint

282 3129 417 3188 admissa

353 3332 378 3390 1)
396 3334 435 3380 De
453 3332 558 3394 pedibus
576 3333 663 3382 solutis
680 3334 706 3380 in
724 3333 878 3394 dialogorum
903 3333 1006 3381 senariis
1023 3333 1149 3395 Aeschyli,
1172 3331 1312 3391 Sophoclis,

283 3418 416 3480 Euripidis.
437 3419 511 3466 ¹866.
531 3434 555 3480 p.
576 3421 632 3469 149.
