3184 4916
709 427 922 496 -54-

383 602 500 662 Deinde
522 608 725 680 aggregentur
744 603 767 662 ii
789 623 910 678 versus,
941 603 1051 684 quibus
1078 604 1215 684 dactylus
1245 604 1326 665 inest

298 706 331 764 in
355 706 424 765 sedo
447 705 549 766 altera.

384 806 486 868 Prima
508 812 539 868 et
560 805 669 868 ultima
691 809 786 869 thesis
808 810 1029 885 producuntur:
1058 800 1152 868 τάνου
1175 805 1326 886 δυρομένα

299 902 353 969 ccv
376 901 502 969 εύνᾶταυ
524 923 557 958 <v
580 905 695 980 πένθος
717 902 773 989 γάρ
796 904 929 990 μεγάλως
951 902 1013 970 τύδ’
1035 901 1163 990 ὁρμᾶται

384 1013 464 1073 uec
490 1013 589 1089 1591)
614 1026 646 1061 ω
671 1018 727 1084 84,
908 1015 951 1073 10.
981 1015 1188 1085 1116οω73,

299 1113 347 1174 bis
367 1114 417 1176 vel
439 1134 542 1175 omnes
565 1119 685 1192 praeter
706 1116 819 1196 dactyli
841 1117 958 1178 theses:

386 1218 464 1277 Med.
491 1222 549 1277 158
574 1230 607 1266 Ν
631 1223 669 1278 83
697 1211 773 1288 Ζεύς
795 1234 842 1278 σοι
862 1211 1003 1287 σύνδικος
1033 1213 1163 1296 ἔσται’).
1195 1209 1236 1294 μὴ
1261 1215 1327 1274 λίαν

300 1332 333 1368 Ν
355 1320 485 1379 σπεῦσον
507 1319 579 1400 πρίν
602 1341 629 1380 τι
651 1321 786 1380 κακῶσαι
809 1313 880 1390 τούς
903 1317 979 1380 εἴσω.

300 1512 325 1555 et
350 1509 451 1568 longam
477 1509 547 1556 vocis
572 1501 699 1566 ἀδύνατος
722 1507 844 1556 initialem
869 1508 998 1571 syllabam.
1041 1509 1174 1555 Praeterea
1197 1499 1327 1570 ἀθέμιτας

300 1593 423 1641 vocabulo
447 1595 628 1642 excusationem
654 1593 778 1654 quandam
796 1595 918 1642 contineri
935 1593 1044 1641 arbitror
1063 1592 1195 1640 crebritate
1213 1593 1328 1640 brevium

304 1678 464 1739 syllabarum,
483 1679 575 1740 quibus
591 1694 681 1728 versus
698 1684 782 1727 noster
800 1680 905 1739 insignis
923 1685 969 1726 est.

368 1765 560 1814 Productionem
578 1766 599 1814 si
617 1770 700 1813 tamen
718 1779 825 1824 recusas,
843 1765 908 1812 baud
920 1765 972 1813 scio
985 1779 1016 1811 an
1029 1764 1173 1824 acquiescas
1185 1762 1328 1810 coniectura

301 1849 439 1910 Eartungi:
452 1844 562 1917 ἐννύχιος
571 1841 664 1908 ἄυπνος
675 1841 768 1911 ὄψεται
776 1863 809 1898 ω
821 1846 950 1913 Κύπριδος
961 1841 1089 1912 ἀθέμιτας
1097 1840 1219 1904 ἀνοσίους,
1232 1847 1329 1893 iambos

301 1931 1240 2018 mmmemmmpnmmp1m20QbfflQqu„
1277 1949 1328 1995 m-

301 2036 453 2096 stipulantur
470 2037 615 2086 Dindorfiue
632 2039 701 2103 (Poe.
714 2052 747 2085 so.
760 2037 818 2102 gn),
837 2038 868 2084 de
880 2037 1062 2086 Herwerdenus
1079 2035 1106 2100 (l.
1126 2036 1143 2082 l.
1163 2049 1187 2095 p.
1207 2034 1255 2094 ⁴63
1272 2033 1329 2092 lege

302 2116 412 2187 ἐννύχιος
428 2112 521 2179 ἄυπνος
539 2136 584 2183 pro
605 2113 677 2173 ἄυπν.
696 2119 763 2187 ένν.).

371 2205 442 2265 Quae
453 2207 583 2268 proposuit
593 2208 735 2256 Badhamus
750 2208 800 2274 (ed.
815 2211 881 2258 18'19
890 2209 928 2269 1)ι
948 2200 1041 2269 ἄψεται
1052 2200 1137 2272 νύχιος
1148 2196 1240 2261 ἄυπνος
1252 2197 1286 2254 ὧν
1299 2221 1325 2248 ω

302 2302 432 2370 Κύπριδος
449 2301 576 2373 ἀθέμιτας
593 2303 716 2370 ἀνοσίους,
741 2312 763 2359 si
781 2326 881 2360 mensus
899 2316 936 2358 est
960 2286 1328 2375 wiffllwulwufl„

301 2394 431 2454 refutobis,
450 2394 516 2454 quod
529 2395 664 2443 dissolvere
683 2397 780 2456 cogitur
798 2390 898 2460 μακράν
910 2396 1045 2456 trisonem,
1063 2396 1085 2442 si
1102 2393 1267 2456 productione
1284 2393 1330 2439 illa

302 2496 410 2544 admissa
432 2477 800 2564 *Bul-'wolmui-‚
828 2513 1039 2560 supervacaneam
1065 2495 1188 2544 iudicabis
1213 2494 1328 2542 mutatio·

302 2596 365 2642 nem,
385 2582 444 2641 quia
460 2581 550 2630 melius
568 2587 716 2642 congruunt,
736 2598 799 2644 quae
818 2598 863 2632 nos
881 2584 1033 2645 scripsimus.

371 2667 531 2715 Hermannus
553 2667 660 2729 (lenique
685 2670 744 2729 (rec.
765 2671 829 2719 1887
854 2685 879 2730 μ.
899 2671 973 2730 110):
1000 2668 1092 2740 ‘Verba
1110 2657 1204 2728 ’ὄψεται
1220 2661 1331 2730 ἐννύχιος

303 2743 395 2810 ἄυπνος
413 2743 449 2802 (ἄν
465 2778 500 2789 -
524 2754 606 2814 inquit
629 2780 664 2790 —
688 2755 756 2802 omni
780 2769 882 2804 numero
906 2758 999 2803 carent.
1035 2755 1092 2800 Non
1115 2756 1199 2813 potest
1223 2750 1330 2798 dubitari

304 2838 364 2897 quin
382 2837 423 2886 hic
439 2852 527 2886 versus
544 2838 666 2888 iambicus
683 2840 724 2899 sit,
748 2844 776 2887 ut
794 2840 835 2900 qui
853 2839 993 2900 praecedit:
1019 2838 1093 2898 idque
1116 2841 1238 2884 monstrat
1255 2836 1330 2883 etiam

303 2924 472 2983 antistropha:
499 2938 556 2971 nam
574 2917 696 2988 ἀδέμιτος
713 2926 740 2990 (l.
759 2919 894 2992 ἀθέμιτας)
919 2925 1066 2985 productam
1086 2922 1190 2983 primam
1207 2923 1330 2983 syllabam

303 3023 384 3068 neque
401 3009 477 3056 habet
494 3024 574 3070 neque
591 3014 673 3071 potest
689 3002 797 3068 habere'‚
822 3009 983 3069 quamobrem
1002 3007 1095 3056 voluit:
1121 3003 1232 3075 έννύχιος
1256 2999 1329 3067 ὄψετ’

304 3086 398 3151 ἄυπνος
416 3085 459 3144 (ἄν.
495 3095 582 3154 Neque
603 3107 662 3142 vero
687 3095 755 3142 omni
779 3108 881 3142 numero
905 3109 989 3142 carere
1015 3093 1093 3141 verba
1116 3093 1161 3142 illa
1183 3077 1271 3142 verum
1294 3097 1331 3139 est

304 3175 1330 3246 -nnmwmmummpmfflwwmmempm

305 3265 336 3314 ci.
354 3267 420 3314 infra
431 3266 594 3326 pentapodies
611 3265 699 3312 acatal.
718 3291 751 3300 -
770 3279 851 3325 neque
868 3264 1000 3326 productio
1019 3270 1056 3312 cst
1072 3264 1193 3325 inaudita,
1211 3269 1331 3324 utsupra

305 3352 491 3413 explicavimus.

375 3434 399 3502 1)
419 3429 525 3487 εύνοὶταν
545 3436 698 3497 'ryrwhittus
716 3436 820 3484 conieci.
839 3436 865 3482 in
883 3435 983 3495 Aeson,
1008 3435 1079 3495 Eur,
1098 3434 1226 3495 Aristoph.
1244 3448 1268 3494 p.
1289 3433 1329 3494 29]

306 3515 416 3574 τύνέταν.
698 3569 700 3573 ,

375 3605 400 3672 2)
420 3603 536 3664 σύνδικος
557 3603 629 3657 ἔσται
645 3607 752 3668 Nauck,
769 3620 876 3666 quocum
900 3604 1060 3654 consentiunt
1084 3605 1166 3664 weil,
1191 3603 1329 3664 Barthold.]

304 3689 366 3746 τόδε
378 3685 461 3758 (τάδε)
475 3688 630 3757 συνδικήσει.
651 3719 680 3728 -
700 3691 771 3751 Quae
782 3692 922 3752 produntur
937 3715 971 3728 -
990 3690 1119 3738 Bartholdi
1132 3691 1231 3751 profero
1244 3703 1331 3736 causas

305 3779 390 3850 (effi
403 3779 594 3838 Bemerkungen
614 3792 635 3824 τ.
650 3776 674 3823 (1.
687 3775 870 3835 Prologscenen
888 3790 911 3822 ιι.
924 3776 948 3823 (1.
960 3776 1071 3824 Parodos
1084 3777 1107 3824 d.
1122 3768 1226 3832 Medea,
1245 3776 1331 3833 Progr.

306 3865 406 3912 Altona.
427 3867 492 3912 1885
515 3878 540 3924 p.
559 3865 575 3913 8
594 3860 660 3925 sqq.)
686 3888 718 3896 -
743 3860 855 3920 prolecta
879 3861 1011 3910 manifesto
1028 3861 1146 3908 videntur
1170 3875 1186 3907 a
1209 3873 1331 3907 commen-

304 3953 399 4008 tatore3
416 3943 477 4000 τόδε
495 3948 595 4009 irrepsit
613 3948 740 4006 ον.157;
757 3946 895 3993 mutatione
912 3947 957 3994 illa
974 3961 999 3992 ν.
1013 3946 1061 3994 158
1075 3959 1214 4006 congruens
1229 3944 1259 3990 fit
1276 3957 1332 3990 cum

306 4049 331 4080 v.
348 4033 502 4094 antithetioo,
520 4034 563 4093 qui
579 4034 633 4094 ipse
651 4032 752 4079 minime
770 4036 808 4078 est
824 4037 963 4094 suspectus.

375 4119 532 4166 Hermannus
550 4119 599 4184 (El.
619 4133 642 4180 p.
661 4114 722 4182 532)
744 4117 824 4164 voluit
843 4115 951 4168 σπεῦσον
969 4111 999 4167 δὲ
1016 4130 1062 4178 pro
1081 4113 1189 4166 σπεῦσον
1208 4113 1242 4179 (v.
1264 4112 1331 4176 18³),
