3184 4916
736 381 949 450 -50-

417 557 581 618 Anacrusis
602 561 703 617 tamen
726 579 788 618 non
810 557 869 617 nisi
892 559 927 618 ed
950 576 1044 617 unum
1066 575 1120 634 par
1145 555 1285 617 accessit:

417 662 484 720 Alc.
508 665 569 719 256
587 673 619 707 Ν
636 666 675 719 63
699 654 769 718 τάδε
791 658 837 719 rol
860 659 939 737 μὲῙ)
970 651 1166 735 σπερχόμενος
1194 650 1309 734 παχύνει
1326 672 1358 706 Ν

330 755 402 823 ccliv
425 754 445 822 ol
468 756 653 822 δειλαιοτάτα
675 761 839 841 apotolos).

415 870 596 926 Accurctam
632 866 858 944 responsionem
894 863 1132 943 repudiaverunt
1163 864 1222 924 duo
1258 863 1359 939 paria:

329 959 653 1048 ὅτε1)πονεοκόρους
682 968 808 1044 κομίζεις
831 980 864 1017 Ν
887 961 975 1048 κώπᾳ
1002 962 1195 1042 πεμπομέναυ
1220 959 1360 1026 roteneco

416 1071 490 1133 Hec.
514 1074 574 1129 445
592 1083 624 1118 N
642 1077 680 1130 56
935 1072 978 1129 Ιο.
1007 1075 1064 1128 113
1082 1083 1114 1117 N
1132 1075 1181 1128 29.

416 1173 501 1234 Basis
523 1173 667 1236 tribrevis
691 1194 838 1253 nusquam
856 1173 1023 1250 reperitur3
1038 1171 1174 1244 iambica,
1199 1164 1301 1247 δόμοις
1317 1165 1360 1241 ὥς

332 1273 487 1346 Μενέλαος
509 1268 605 1349 οὔπω,
627 1276 712 1336 hisce
734 1277 826 1336 locis:

416 1381 485 1441 Hel.
509 1381 568 1438 517
938 1379 977 1437 ir.
1001 1383 1071 1450 304,
1096 1375 1163 1453 5⁴),

414 1466 489 1525 Hec.
516 1469 576 1524 913
592 1477 624 1512 N
641 1470 679 1523 22
694 1465 723 1537 3)

331 1567 516 1648 relinquitur

416 1670 483 1729 Hel.
510 1674 588 1728 1301
609 1683 641 1716 Ν
664 1666 753 1743 19⁵),
788 1668 868 1746 quod
889 1687 945 1745 par
968 1667 1037 1726 ideo
1059 1666 1212 1727 mentione
1234 1667 1359 1742 dignum

332 1778 387 1846 est,
410 1772 482 1853 quia
504 1772 656 1849 dactylum
679 1769 800 1845 excepit
822 1769 1009 1854 tribrachys:
1033 1764 1116 1846 ὀρεία
1138 1765 1209 1828 ποτὲ
1232 1765 1359 1846 δρομάδι

332 1868 419 1956 κώλῳ
436 1886 469 1922 Ν
485 1872 638 1952 &populus
661 1865 686 1930 δ’
709 1865 758 1930 ὅτε
780 1866 1022 1946 πολυκλανήεων.

418 2063 481 2122 lam
505 2061 549 2121 nil
570 2061 707 2139 impedit,
738 2061 898 2140 quominus
921 2061 1094 2121 accedamus
1124 2062 1161 2119 ad
1182 2061 1242 2120 ΠΙ.
1265 2063 1359 2142 Gly-

331 2185 479 2226 coneos
501 2198 542 2207 -—
566 2167 600 2221 ut
621 2162 664 2222 ita
687 2163 820 2222 dicamus
843 2197 883 2208 -
907 2165 1174 2242 hypercatalectus.

417 2269 529 2326 Versus
555 2264 731 2342 principalis
754 2265 866 2342 legitur
888 2266 999 2328 nullus.

416 2369 519 2428 Prima
540 2370 638 2428 forma
667 2368 818 2445 protraxit
848 2370 953 2427 baseos
986 2368 1102 2428 thesin:
1134 2360 1256 2447 ropvev’,
1286 2365 1360 2442 ἕλκε,

333 2467 633 2556 μήυέξοδυνηθείςθ)

400 2702 426 2766 1)
444 2703 484 2755 Os.
503 2718 527 2763 p.
547 2706 562 2752 2
581 2702 614 2748 ad
633 2703 656 2748 2.

401 2790 426 2851 2)
450 2780 507 2854 ἅτε]
527 2779 583 2845 ἅτις
601 2787 735 2835 Bernesius
758 2792 856 2846 praeter
881 2786 1060 2846 necessitatem,
1086 2802 1142 2834 oum
1166 2787 1191 2834 in
1212 2789 1268 2836 aliis
1285 2788 1358 2836 huius

331 2875 422 2922 cantici
441 2872 544 2934 paribus
561 2873 655 2926 similes
672 2870 841 2932 responsionis
860 2872 1041 2931 discrepantiae
1059 2873 1225 2922 inveniantur.

401 2956 426 3020 3)
445 2959 577 3006 Schmidtii
590 2965 627 3006 est
645 2971 767 3015 mansura,
787 2958 829 3017 qui
841 2953 935 3019 Τροίαν
951 2958 1074 3005 vocabulo
1091 2974 1136 3019 pro
1154 2960 1238 3006 iambo
1256 2965 1357 3020 accepto

330 3045 467 3105 perfectum
486 3043 571 3091 elicuit
587 3048 722 3091 metrorum
741 3049 895 3090 concentum.
932 3041 1123 3091 Verumtamen
1147 3047 1270 3106 correptio
1289 3047 1358 3094 vocis

330 3130 399 3178 illius
416 3128 492 3176 habet
510 3128 605 3188 aliquid
624 3126 795 3186 dubitationis,
820 3129 879 3187 quia
902 3129 1007 3176 alterum
1025 3131 1165 3189 exemplum
1184 3131 1226 3176 vix
1248 3133 1359 3191 proferas

331 3242 363 3250 -
382 3216 431 3262 nisi
449 3215 583 3261 incertum:
603 3213 622 3260 1.
634 3216 665 3261 Α.
684 3229 710 3260 v.
727 3214 791 3261 1527
811 3209 854 3262 καὶ
872 3208 992 3264 δολόεντα
1010 3210 1106 3277 Τροίας
1124 3211 1171 3278 ἕδη
1191 3243 1223 3252 -
1240 3223 1314 3277 atque
1333 3219 1357 3264 in

331 3315 369 3360 ec,
387 3301 453 3360 quod
466 3300 586 3359 sequitur,
605 3299 763 3358 stropharum
775 3299 829 3359 pari
844 3299 931 3346 eodem
942 3301 1017 3346 modo
1029 3306 1127 3359 praeter
1140 3303 1265 3350 clausulae
1277 3303 1358 3350 thesin

330 3385 453 3433 initialem
470 3385 522 3448 (vv.
538 3387 587 3432 932
602 3397 635 3432 ω
646 3381 689 3447 42)
709 3390 804 3432 ceteros
816 3399 903 3431 versus
918 3389 1034 3433 accurate
1051 3385 1116 3433 inter
1133 3401 1160 3433 se
1177 3389 1359 3436 consentientes

330 3475 406 3530 poeta
418 3469 546 3529 psnxerit3
560 3484 606 3517 nec
617 3485 667 3517 non
678 3470 789 3530 spondeo
802 3465 895 3531 Τροίαν
907 3470 1042 3517 metiuntur
1053 3470 1207 3532 Dindorfius‚
1218 3473 1359 3534 Pflugkius,

331 3554 455 3602 chrisrius
473 3552 515 3617 (ci.
534 3569 559 3615 p.
577 3554 630 3616 44).

400 3637 427 3706 4)
446 3640 485 3688 Cf.
504 3654 527 3699 p.
546 3643 579 3688 19
598 3642 630 3688 ad
649 3644 672 3688 7.

400 3725 426 3786 5)
444 3725 543 3785 Inspice
560 3726 699 3774 Hermanni
716 3727 763 3787 Ep.
782 3728 797 3788 ξ
815 3727 872 3774 482.

400 3813 426 3872 6)
445 3811 548 3859 Tradita
560 3817 599 3860 est
616 3812 695 3859 forms
713 3827 763 3859 non
778 3813 814 3858 ita
825 3812 977 3872 probabilis:
996 3807 1091 3877 ro'creu'
1104 3809 1171 3874 ἕλκε,
1190 3810 1229 3880 μή
1242 3807 1265 3864 c’
1276 3811 1359 3874 ἐξαδυ-

330 3895 426 3960 vorsu.
461 3898 619 3944 Hermannus
643 3893 681 3960 μή
702 3889 725 3947 α’
743 3897 884 3945 immutavit
907 3898 932 3944 in
956 3894 992 3962 με)
1012 3895 1042 3950 δέ
1061 3891 1092 3948 c'.
1134 3899 1278 3961 Simplicius
1302 3914 1359 3960 prc-

330 3983 475 4042 scripaimus
494 3974 517 4031 α’
535 3983 632 4029 illatum
650 3983 755 4030 fortasse
773 3982 803 4029 ad
821 3983 960 4031 tollendum
978 3984 1079 4030 hiatum.
1099 4012 1133 4020 -
1150 3987 1189 4033 Dc
1207 3985 1360 4047 synaloepha

330 4067 359 4113 εἰ.
380 4067 430 4114 ibd.
450 4083 473 4115 v.
495 4071 543 4116 617
564 4053 712 4131 μὰινομένου
731 4061 840 4128 'fielium
860 4069 890 4116 de
909 4070 982 4130 primi
1001 4071 1071 4130 pedis
1089 4073 1199 4130 spondeo
1218 4087 1240 4132 p.
1262 4074 1301 4120 37.
