3184 4916
726 467 916 532 -g-

393 645 628 722 Responsionem
652 644 684 700 in
707 643 807 701 cadem
832 642 901 700 sede
923 638 988 700 tolli
1004 637 1158 716 patiuntur

394 748 417 806 I.
434 749 472 806 Α.
491 769 541 807 vv.
560 751 639 805 1055
658 759 690 793 Ν
707 748 762 804 77:
785 735 980 818 εἱλισσόμεναι
1003 735 1108 798 κύκλια
1125 753 1157 787 Ν
1172 726 1226 809 ταῖς
1240 731 1332 798 εὐπά-

308 847 406 927 τριδος
427 843 533 927 νόμον.

393 953 433 1012 Ε1
453 950 663 1028 paenultimam
688 956 719 1010 st
739 949 873 1009 nltimam
895 947 975 1006 arsin
998 946 1073 1006 solvi
1096 945 1159 1005 solo
1179 946 1266 1004 unico
1283 946 1332 1004 dc·

309 1059 489 1114 monstratur
518 1053 654 1130 exemplo
678 1072 773 1132 eoque
795 1050 867 1110 satis
888 1050 1017 1122 incerto,
1048 1049 1128 1128 quod
1149 1048 1181 1106 in
1204 1052 1331 1127 utroque

309 1157 384 1233 pede
407 1155 554 1216 omittitur
575 1155 747 1233 responsio:

395 1260 462 1319 Hel.
490 1263 568 1318 1119
586 1273 619 1310 Ν
636 1263 676 1318 34
698 1255 927 1333 ΛακεὸαΙμονος
956 1247 1017 1314 duro
1040 1250 1120 1331 λέχεα
1137 1267 1169 1303 Ν
1184 1248 1273 1332 γέρας
1294 1246 1331 1312 orl

310 1357 399 1440 γέρας
421 1353 483 1420 ἄλλ’
509 1358 582 1441 ἔριν,

309 1485 454 1544 nusquam
486 1465 565 1524 enirn
590 1484 731 1525 versuum
754 1464 990 1540 logaoedicorum
1012 1462 1045 1521 in
1067 1481 1102 1520 aa
1124 1464 1226 1540 parte,
1257 1479 1332 1539 qnae

309 1568 458 1646 dactylum
481 1568 529 1628 vel
550 1568 682 1645 dactylos
698 1567 840 1648 sequitur,
863 1567 930 1645 plus
945 1587 1004 1625 nno
1019 1566 1095 1643 pede
1110 1564 1332 1641 responsionem

309 1669 450 1748 neglexit,
473 1690 533 1751 qua
554 1690 641 1730 causa
662 1671 772 1730 rectius
793 1670 918 1729 fortasse
940 1668 1094 1745 scripseris
1115 1663 1181 1742 λέχη
1195 1667 1232 1744 l).

394 1774 439 1832 Ne
462 1773 621 1834 credideris
642 1793 697 1832 nos
718 1773 829 1848 fugisse
852 1774 930 1831 Med.
949 1792 999 1833 vv.
1017 1774 1075 1830 851
1094 1782 1126 1818 Ν
1143 1773 1200 1829 612
1223 1763 1333 1843 σκέψαι

310 1872 418 1935 τεκέων
449 1868 565 1955 πλανῶν
580 1889 612 1923 N
633 1872 746 1944 τέκνοις
777 1871 911 1953 ἄδακρυν
941 1865 1180 1953 μοῖρανρνααι
1208 1874 1332 1931 formam

309 1979 508 2055 logaoedioam
546 1978 698 2038 existimes
728 1978 871 2055 producta
902 1977 1033 2037 trochaei
1064 1977 1157 2049 thesi,
1192 1979 1226 2036 nt
1256 1975 1333 2035 Her-

308 2102 434 2142 mannus
465 2101 584 2163 quoque
616 2081 713 2142 voluit
740 2081 797 2158 (El.
829 2082 856 2139 d.
888 2102 925 2138 m.
958 2101 988 2158 p.
1018 2079 1107 2157 556);
1141 2098 1245 2140 uerum
1278 2098 1332 2157 pro

310 2263 378 2336 ξάσᾳ
397 2267 445 2336 θεᾷ
469 2271 575 2318 fortasse
593 2269 690 2318 dubites
715 2274 740 2318 et
757 2268 884 2318 dubitasse
903 2273 964 2329 puto
981 2268 1156 2328 Hurtungium,
1173 2267 1215 2328 qui
1232 2272 1333 2329 accepta

305 2356 443 2404 Hermanni
460 2357 601 2404 coniectura
618 2382 651 2392 -
669 2355 717 2404 nisi
735 2357 800 2417 qnod
818 2354 921 2403 verbum
939 2349 1078 2406 ἐσσεύαντο
1095 2355 1205 2416 suppleri
1218 2353 1285 2402 iubet
1298 2380 1331 2389 -

307 2446 462 2488 tamencum
481 2441 615 2502 Fixiopro
634 2431 903 2505 b'rescribitb’d'tpu
929 2441 997 2510 ι1.α.
1017 2433 1205 2506 σύντῇῦεᾷῖ
1240 2439 1331 2488 Omnes

307 2532 390 2574 autem
421 2527 526 2573 audacia
556 2527 684 2588 superavit
706 2526 853 2574 Schmidtins
887 2527 947 2585 (Die
971 2526 1104 2575 Monodien
1130 2526 1179 2573 und
1206 2527 1331 2574 Wecbsel-

305 2614 414 2670 gestinge
432 2614 476 2659 der
494 2613 614 2660 attiscben
632 2613 761 2672 Tragbdie,
780 2612 825 2658 Bd.
843 2613 881 2660 111
900 2609 985 2678 1871),
1003 2612 1046 2672 qni
1063 2627 1106 2659 vv.
1128 2613 1193 2660 1310
1211 2627 1247 2672 sq.
1265 2612 1330 2658 bunc

307 2698 332 2744 in
351 2699 450 2745 modum
467 2698 621 2746 immutavit:
641 2696 728 2762 {inperia
747 2691 784 2755 ῶς
802 2692 850 2749 brol
869 2695 972 2755 σατίνας
987 2697 991 2764 Ι
1009 2694 1093 2758 ζεῦξεν
1111 2694 1224 2760 ζητοῦσα
1244 2692 1329 2762 κόραν.

374 2785 427 2831 Iam
444 2798 524 2831 msam
542 2789 569 2832 ut
586 2784 708 2844 proteram
726 2785 879 2842 sententiam,
898 2797 985 2831 vocem
1003 2778 1095 2845 κούραν
1107 2810 1139 2820 -
1158 2797 1220 2842 quae
1232 2788 1331 2843 propter

307 2869 514 2931 praepositionem
542 2864 607 2934 μετὰ
632 2869 731 2917 transiit
754 2871 779 2917 in
798 2867 889 2932 κσνρᾶν
910 2896 941 2906 -
959 2869 1080 2917 adiectam
1098 2869 1175 2917 fuisse
1193 2883 1282 2917 censeo
1298 2869 1331 2916 ab

306 2955 440 3016 interprete
458 2956 564 3015 quodam
582 2956 614 3002 ad
631 2955 709 3002 verba
725 2949 770 3006 τάν
788 2949 963 3018 ἆραασθεῖσαν
982 2955 1034 3004 κτλ.
1059 2954 1126 3002 Fieri
1138 2955 1248 3016 potuisse
1262 2954 1331 3003 testis

307 3046 344 3089 ast
361 3040 520 3100 Schmidtins,
543 3054 617 3100 quam
642 3040 705 3087 banc
723 3040 803 3100 ipsam
820 3053 906 3089 vocem
924 3039 1049 3088 addidisse
1066 3041 1139 3088 modo
1157 3055 1331 3088 commemora·

306 3127 395 3174 vimus.
423 3127 452 3172 In
470 3125 653 3187 praepositione
671 3131 751 3174 autem
772 3121 837 3190 μετὰ
855 3127 932 3174 latere
949 3126 1060 3187 suspicor
1078 3125 1181 3175 verbum
1199 3126 1330 3188 quoddam,

306 3212 383 3261 veluti
409 3209 535 3275 μετῆλθον
560 3212 601 3258 val
620 3208 732 3277 μετῇξαν
757 3213 800 3271 (cf.
819 3212 860 3259 Or.
880 3212 1036 3270 1231111.
1055 3213 1196 3274 332;’1“το.
1217 3213 1263 3259 131
1283 3225 1331 3270 αα,

309 3295 399 3358 raim:
425 3295 572 3344 oblitteratis
586 3297 644 3345 ¹iam
669 3297 742 3344 buius
767 3298 838 3345 verbi
863 3297 1041 3358 posterioribus
1065 3297 1169 3358 syllabis
1195 3301 1277 3344 ortum
1294 3300 1332 3343 est

308 3377 373 3447 μετὰ
391 3387 464 3441 atque
483 3382 612 3442 adsumpto
631 3384 663 3429 ad
681 3384 797 3431 lacunam
815 3383 963 3444 explendam
980 3382 1148 3430 additamento
1166 3382 1209 3430 illo
1227 3376 1331 3444 antipas:

308 3463 373 3532 μετὰ
391 3465 483 3530 κουρᾶν
502 3458 540 3528 δ’,
559 3469 625 3528 qnod
643 3469 708 3517 inest
724 3469 749 3516 in
768 3469 859 3517 codice.
888 3469 937 3516 Pro
955 3469 1108 3516 nominativo
1120 3473 1202 3516 sutem
1221 3463 1332 3528 ζεύξαισα

307 3549 356 3603 θεὰ
372 3552 462 3615 (1311)
479 3551 641 3601 substituatur
657 3555 732 3601 velim
751 3556 881 3614 genetivus
899 3554 1044 3603 absolutus:
1072 3547 1196 3614 ζευξάσας
1217 3551 1280 3610 ’θεᾶς
1297 3579 1331 3588 -

307 3653 356 3699 quo
374 3642 488 3686 accurata
505 3652 559 3686 cum
577 3655 603 3686 v.
618 3642 682 3690 1323
700 3641 805 3687 efficitur
822 3639 951 3700 responsio
970 3665 998 3674 —
1020 3653 1049 3686 ac
1066 3653 1112 3700 pro
1131 3636 1218 3702 bueria
1232 3635 1332 3702 ζυγίους

308 3721 411 3781 σατίνας
435 3724 524 3772 melius
549 3726 652 3773 fortasse
677 3725 812 3773 scribatur:
838 3724 925 3789 bupalo
945 3721 1036 3789 ζυγῑων
1055 3721 1157 3775 σατίναν
1175 3726 1250 3789 (-αν
1268 3724 1331 3782 cod..

307 3824 373 3866 -ας
390 3806 535 3873 Musgmw).

375 3894 414 3942 Sic
438 3894 514 3956 igitur
531 3895 678 3942 mutaverim
695 3896 792 3942 locum:
820 3893 906 3959 bupalo
933 3887 977 3946 ὅτε
996 3892 1087 3960 turios
1103 3892 1107 3960 Ι
1125 3890 1250 3954 ζενξᾶαας
1268 3891 1332 3950 teuc

308 3976 409 4030 σατίναν
424 3977 428 4044 l
445 4006 477 4016 -
497 3977 623 4044 μετῆλθον
640 3983 691 4040 (vei
711 3977 834 4046 μετῇξαν)
852 3975 1006 4038 ἀελλόποδες
1023 3977 1075 4031 art.
1093 3981 1127 4046 (v.
1149 3983 1215 4028 1332
1232 3976 1331 4030 πόλεων

307 4080 352 4126 per
369 4063 509 4126 synisesin).

378 4153 403 4212 1)
419 4150 509 4199 Nescio
522 4165 581 4198 num
595 4151 661 4199 idem
673 4153 823 4213 spectaverit
835 4152 971 4213 Nauckius,
981 4152 1023 4214 qui
1033 4147 1082 4203 u'rtd
1097 4157 1237 4214 suspectum
1249 4152 1331 4202 habet.
