<?xml version="1.0" encoding="UTF-8"?>
<!DOCTYPE html PUBLIC "-//W3C//DTD XHTML 1.0 Transitional//EN"
    "http://www.w3.org/TR/xhtml1/DTD/xhtml1-transitional.dtd">
<html xmlns="http://www.w3.org/1999/xhtml" xml:lang="en" lang="en">
 <head>
  <title>
</title>
<meta http-equiv="Content-Type" content="text/html;charset=utf-8" />
  <meta name='ocr-system' content='tesseract 3.04.00' />
  <meta name='ocr-capabilities' content='ocr_page ocr_carea ocr_par ocr_line ocrx_word'/>
</head>
<body>
  <div class='ocr_page' id='page_1' title='image "./deeuripidisvers00groegoog_0053.png"; bbox 0 0 3184 4916; ppageno 0'>
   <div class='ocr_carea' id='block_1_1' title="bbox 749 451 963 520">
    <p class='ocr_par' dir='ltr' id='par_1_1' title="bbox 749 451 963 520">
     <span class='ocr_line' id='line_1_1' title="bbox 749 451 963 520; baseline 0 -20"><span class='ocrx_word' id='word_1_1' title='bbox 749 451 963 520; x_wconf 79' lang='grc'>..44-</span> 
     </span>
    </p>
   </div>
   <div class='ocr_carea' id='block_1_2' title="bbox 331 627 1367 2462">
    <p class='ocr_par' dir='ltr' id='par_1_2' title="bbox 331 627 1367 2462">
     <span class='ocr_line' id='line_1_2' title="bbox 425 627 1365 710; baseline 0.003 -23"><span class='ocrx_word' id='word_1_2' title='bbox 425 629 534 689; x_wconf 82' lang='lat' dir='ltr'>Contra</span> <span class='ocrx_word' id='word_1_3' title='bbox 549 629 707 688; x_wconf 79' lang='lat' dir='ltr'>memoriae</span> <span class='ocrx_word' id='word_1_4' title='bbox 724 631 863 690; x_wconf 79' lang='lat' dir='ltr'>defensor</span> <span class='ocrx_word' id='word_1_5' title='bbox 877 630 995 691; x_wconf 79' lang='lat' dir='ltr'>exstitit</span> <span class='ocrx_word' id='word_1_6' title='bbox 1003 627 1150 690; x_wconf 76' lang='lat' dir='ltr'>Christius</span> <span class='ocrx_word' id='word_1_7' title='bbox 1159 628 1191 706; x_wconf 93' lang='lat' dir='ltr'>(l.</span> <span class='ocrx_word' id='word_1_8' title='bbox 1201 629 1222 688; x_wconf 85' lang='lat'>1.</span> <span class='ocrx_word' id='word_1_9' title='bbox 1236 649 1264 707; x_wconf 86' lang='lat' dir='ltr'>p.</span> <span class='ocrx_word' id='word_1_10' title='bbox 1275 631 1365 710; x_wconf 82' lang='lat'>520):</span> 
     </span>
     <span class='ocr_line' id='line_1_3' title="bbox 334 731 1367 817; baseline 0.003 -28"><span class='ocrx_word' id='word_1_11' title='bbox 334 731 521 817; x_wconf 50' lang='lat' dir='ltr'>‘Auffdlliger</span> <span class='ocrx_word' id='word_1_12' title='bbox 538 732 635 791; x_wconf 83' lang='lat' dir='ltr'>Weiee</span> <span class='ocrx_word' id='word_1_13' title='bbox 658 734 827 810; x_wconf 83' lang='lat' dir='ltr'>respondirt</span> <span class='ocrx_word' id='word_1_14' title='bbox 848 734 897 793; x_wconf 91' lang='lat' dir='ltr'>ein</span> <span class='ocrx_word' id='word_1_15' title='bbox 920 733 1036 794; x_wconf 80' lang='lat' dir='ltr'>soloher</span> <span class='ocrx_word' id='word_1_16' title='bbox 1050 733 1227 810; x_wconf 84' lang='lat' dir='ltr'>Tribreohys</span> <span class='ocrx_word' id='word_1_17' title='bbox 1245 734 1277 792; x_wconf 93' lang='lat' dir='ltr'>in</span> <span class='ocrx_word' id='word_1_18' title='bbox 1307 734 1367 792; x_wconf 90' lang='lat' dir='ltr'>den</span> 
     </span>
     <span class='ocr_line' id='line_1_4' title="bbox 331 835 1362 914; baseline 0.001 -22"><span class='ocrx_word' id='word_1_19' title='bbox 331 835 479 910; x_wconf 82' lang='lat' dir='ltr'>jiingeren</span> <span class='ocrx_word' id='word_1_20' title='bbox 511 837 639 894; x_wconf 85' lang='lat' dir='ltr'>Dremeu</span> <span class='ocrx_word' id='word_1_21' title='bbox 674 838 725 896; x_wconf 83' lang='lat' dir='ltr'>dee</span> <span class='ocrx_word' id='word_1_22' title='bbox 756 837 914 914; x_wconf 82' lang='lat' dir='ltr'>Euripides</span> <span class='ocrx_word' id='word_1_23' title='bbox 950 838 1049 912; x_wconf 79' lang='lat' dir='ltr'>einige</span> <span class='ocrx_word' id='word_1_24' title='bbox 1078 836 1141 895; x_wconf 79' lang='lat' dir='ltr'>nal</span> <span class='ocrx_word' id='word_1_25' title='bbox 1176 837 1231 897; x_wconf 87' lang='lat' dir='ltr'>mit</span> <span class='ocrx_word' id='word_1_26' title='bbox 1264 835 1362 894; x_wconf 88' lang='lat' dir='ltr'>eiuem</span> 
     </span>
     <span class='ocr_line' id='line_1_5' title="bbox 336 937 1360 1016; baseline 0.003 -23"><span class='ocrx_word' id='word_1_27' title='bbox 336 937 493 1016; x_wconf 82' lang='lat' dir='ltr'>Dehtylue.</span> <span class='ocrx_word' id='word_1_28' title='bbox 549 939 613 1016; x_wconf 88' lang='lat' dir='ltr'>Iph.</span> <span class='ocrx_word' id='word_1_29' title='bbox 636 938 721 999; x_wconf 83' lang='grc' dir='ltr'><strong><em>Ταιιι.</em></strong></span> <span class='ocrx_word' id='word_1_30' title='bbox 747 943 829 998; x_wconf 80' lang='lat'>1129</span> <span class='ocrx_word' id='word_1_31' title='bbox 845 953 878 988; x_wconf 93' lang='lat' dir='ltr'>N</span> <span class='ocrx_word' id='word_1_32' title='bbox 894 945 934 999; x_wconf 90' lang='grc'>44</span> <span class='ocrx_word' id='word_1_33' title='bbox 967 939 1086 1000; x_wconf 82' lang='lat' dir='ltr'>freilioh</span> <span class='ocrx_word' id='word_1_34' title='bbox 1116 941 1171 998; x_wconf 84' lang='lat' dir='ltr'>hat</span> <span class='ocrx_word' id='word_1_35' title='bbox 1201 938 1360 998; x_wconf 80' lang='lat' dir='ltr'><strong>Markland</strong></span> 
     </span>
     <span class='ocr_line' id='line_1_6' title="bbox 335 1039 1360 1120; baseline 0.003 -23"><span class='ocrx_word' id='word_1_36' title='bbox 335 1039 428 1099; x_wconf 83' lang='lat' dir='ltr'><strong>durch</strong></span> <span class='ocrx_word' id='word_1_37' title='bbox 450 1042 638 1120; x_wconf 83' lang='lat' dir='ltr'>Umstelluug</span> <span class='ocrx_word' id='word_1_38' title='bbox 661 1045 708 1103; x_wconf 92' lang='lat' dir='ltr'>die</span> <span class='ocrx_word' id='word_1_39' title='bbox 730 1044 940 1120; x_wconf 75' lang='lat' dir='ltr'>regelmdeuige</span> <span class='ocrx_word' id='word_1_40' title='bbox 959 1044 1145 1120; x_wconf 81' lang='lat' dir='ltr'>Responsion</span> <span class='ocrx_word' id='word_1_41' title='bbox 1168 1040 1360 1118; x_wconf 80' lang='lat' dir='ltr'>hergeetellt3</span> 
     </span>
     <span class='ocr_line' id='line_1_7' title="bbox 333 1144 1360 1220; baseline 0 -18"><span class='ocrx_word' id='word_1_42' title='bbox 333 1144 405 1204; x_wconf 84' lang='lat' dir='ltr'>aber</span> <span class='ocrx_word' id='word_1_43' title='bbox 427 1165 458 1204; x_wconf 82' lang='lat' dir='ltr'>ee</span> <span class='ocrx_word' id='word_1_44' title='bbox 480 1146 598 1205; x_wconf 92' lang='lat' dir='ltr'>bleiben</span> <span class='ocrx_word' id='word_1_45' title='bbox 629 1148 706 1207; x_wconf 88' lang='lat' dir='ltr'>nooh</span> <span class='ocrx_word' id='word_1_46' title='bbox 733 1147 804 1206; x_wconf 77' lang='lat' dir='ltr'>fdus</span> <span class='ocrx_word' id='word_1_47' title='bbox 823 1147 931 1206; x_wconf 85' lang='lat' dir='ltr'>endere</span> <span class='ocrx_word' id='word_1_48' title='bbox 954 1147 1065 1207; x_wconf 83' lang='lat' dir='ltr'>Stellen</span> <span class='ocrx_word' id='word_1_49' title='bbox 1087 1145 1184 1220; x_wconf 82' lang='lat' dir='ltr'>iibrig,</span> <span class='ocrx_word' id='word_1_50' title='bbox 1206 1144 1239 1203; x_wconf 92' lang='lat' dir='ltr'>in</span> <span class='ocrx_word' id='word_1_51' title='bbox 1262 1145 1360 1203; x_wconf 84' lang='lat' dir='ltr'>denen</span> 
     </span>
     <span class='ocr_line' id='line_1_8' title="bbox 335 1246 1359 1328; baseline 0.001 -23"><span class='ocrx_word' id='word_1_52' title='bbox 335 1246 431 1307; x_wconf 91' lang='lat' dir='ltr'>einem</span> <span class='ocrx_word' id='word_1_53' title='bbox 454 1249 633 1326; x_wconf 80' lang='lat' dir='ltr'>Tribreohys</span> <span class='ocrx_word' id='word_1_54' title='bbox 656 1249 740 1325; x_wconf 88' lang='lat' dir='ltr'>(oder</span> <span class='ocrx_word' id='word_1_55' title='bbox 761 1251 916 1328; x_wconf 70' lang='lat' dir='ltr'>spondeus</span> <span class='ocrx_word' id='word_1_56' title='bbox 938 1250 1041 1310; x_wconf 79' lang='lat' dir='ltr'>debuit</span> <span class='ocrx_word' id='word_1_57' title='bbox 1063 1249 1172 1327; x_wconf 90' lang='lat' dir='ltr'>dioere)</span> <span class='ocrx_word' id='word_1_58' title='bbox 1207 1248 1255 1306; x_wconf 88' lang='lat' dir='ltr'>ein</span> <span class='ocrx_word' id='word_1_59' title='bbox 1277 1247 1359 1306; x_wconf 82' lang='lat' dir='ltr'><strong>Dak-</strong></span> 
     </span>
     <span class='ocr_line' id='line_1_9' title="bbox 333 1343 1360 1432; baseline -0.003 -20"><span class='ocrx_word' id='word_1_60' title='bbox 333 1353 414 1430; x_wconf 82' lang='lat' dir='ltr'>tylus</span> <span class='ocrx_word' id='word_1_61' title='bbox 436 1343 708 1428; x_wconf 63' lang='lat' dir='ltr'>gegenuborstoht?</span> <span class='ocrx_word' id='word_1_62' title='bbox 744 1354 868 1412; x_wconf 84' lang='lat' dir='ltr'>Praeter</span> <span class='ocrx_word' id='word_1_63' title='bbox 889 1353 946 1412; x_wconf 84' lang='lat' dir='ltr'>tria</span> <span class='ocrx_word' id='word_1_64' title='bbox 967 1354 1028 1425; x_wconf 88' lang='lat' dir='ltr'>illa,</span> <span class='ocrx_word' id='word_1_65' title='bbox 1050 1371 1126 1432; x_wconf 83' lang='lat' dir='ltr'>quae</span> <span class='ocrx_word' id='word_1_66' title='bbox 1149 1351 1235 1410; x_wconf 91' lang='lat' dir='ltr'>modo</span> <span class='ocrx_word' id='word_1_67' title='bbox 1252 1355 1360 1411; x_wconf 77' lang='lat' dir='ltr'>tructa-</span> 
     </span>
     <span class='ocr_line' id='line_1_10' title="bbox 339 1454 1363 1532; baseline -0.002 -18"><span class='ocrx_word' id='word_1_68' title='bbox 339 1454 445 1528; x_wconf 84' lang='lat' dir='ltr'>vimus,</span> <span class='ocrx_word' id='word_1_69' title='bbox 469 1455 607 1532; x_wconf 82' lang='lat' dir='ltr'>exempla</span> <span class='ocrx_word' id='word_1_70' title='bbox 629 1457 804 1532; x_wconf 74' lang='lat' dir='ltr'>provocavit</span> <span class='ocrx_word' id='word_1_71' title='bbox 826 1457 868 1514; x_wconf 85' lang='lat' dir='ltr'>ed·</span> <span class='ocrx_word' id='word_1_72' title='bbox 884 1458 975 1517; x_wconf 85' lang='lat' dir='ltr'>heeo:</span> <span class='ocrx_word' id='word_1_73' title='bbox 1001 1458 1024 1517; x_wconf 89' lang='lat' dir='ltr'>I.</span> <span class='ocrx_word' id='word_1_74' title='bbox 1049 1460 1084 1514; x_wconf 81' lang='lat' dir='ltr'>A.</span> <span class='ocrx_word' id='word_1_75' title='bbox 1110 1455 1169 1513; x_wconf 80' lang='lat'>547</span> <span class='ocrx_word' id='word_1_76' title='bbox 1187 1468 1220 1502; x_wconf 93' lang='lat' dir='ltr'>N</span> <span class='ocrx_word' id='word_1_77' title='bbox 1236 1459 1285 1526; x_wconf 77' lang='grc'>62,</span> <span class='ocrx_word' id='word_1_78' title='bbox 1316 1455 1363 1514; x_wconf 87' lang='lat' dir='ltr'>oui</span> 
     </span>
     <span class='ocr_line' id='line_1_11' title="bbox 338 1558 1363 1618; baseline -0.001 -1"><span class='ocrx_word' id='word_1_79' title='bbox 338 1562 435 1617; x_wconf 84' lang='lat' dir='ltr'>tamen</span> <span class='ocrx_word' id='word_1_80' title='bbox 460 1562 491 1617; x_wconf 88' lang='lat' dir='ltr'>et</span> <span class='ocrx_word' id='word_1_81' title='bbox 513 1559 650 1616; x_wconf 89' lang='lat' dir='ltr'>mendum</span> <span class='ocrx_word' id='word_1_82' title='bbox 679 1559 835 1618; x_wconf 78' lang='lat' dir='ltr'>inhaerere</span> <span class='ocrx_word' id='word_1_83' title='bbox 858 1559 998 1618; x_wconf 86' lang='lat' dir='ltr'>eredibile</span> <span class='ocrx_word' id='word_1_84' title='bbox 1020 1564 1065 1617; x_wconf 77' lang='lat' dir='ltr'>est</span> <span class='ocrx_word' id='word_1_85' title='bbox 1096 1565 1126 1617; x_wconf 93' lang='lat' dir='ltr'>et</span> <span class='ocrx_word' id='word_1_86' title='bbox 1148 1558 1291 1616; x_wconf 82' lang='lat' dir='ltr'>medelam</span> <span class='ocrx_word' id='word_1_87' title='bbox 1313 1558 1363 1616; x_wconf 83' lang='lat' dir='ltr'>ed·</span> 
     </span>
     <span class='ocr_line' id='line_1_12' title="bbox 337 1653 1363 1740; baseline 0.001 -22"><span class='ocrx_word' id='word_1_88' title='bbox 337 1661 498 1720; x_wconf 89' lang='lat' dir='ltr'>hibueruut</span> <span class='ocrx_word' id='word_1_89' title='bbox 519 1660 576 1720; x_wconf 85' lang='lat' dir='ltr'>viri</span> <span class='ocrx_word' id='word_1_90' title='bbox 601 1662 696 1721; x_wconf 84' lang='lat' dir='ltr'>docti:</span> <span class='ocrx_word' id='word_1_91' title='bbox 728 1662 919 1740; x_wconf 60' lang='lat' dir='ltr'>uotvoieiffl)</span> <span class='ocrx_word' id='word_1_92' title='bbox 950 1659 1076 1740; x_wconf 74' lang='grc' dir='ltr'><strong>οἴστρων</strong></span> <span class='ocrx_word' id='word_1_93' title='bbox 1106 1654 1160 1720; x_wconf 80' lang='grc' dir='ltr'><strong><em>ὅθι</em></strong></span> <span class='ocrx_word' id='word_1_94' title='bbox 1183 1653 1225 1737; x_wconf 70' lang='lat' dir='ltr'>‘dri</span> <span class='ocrx_word' id='word_1_95' title='bbox 1241 1673 1273 1708; x_wconf 99' lang='lat' dir='ltr'>N</span> <span class='ocrx_word' id='word_1_96' title='bbox 1288 1656 1363 1740; x_wconf 78' lang='grc' dir='ltr'><strong><em>μέγα</em></strong></span> 
     </span>
     <span class='ocr_line' id='line_1_13' title="bbox 333 1754 1363 1842; baseline 0.001 -21"><span class='ocrx_word' id='word_1_97' title='bbox 333 1757 460 1842; x_wconf 80' lang='grc' dir='ltr'><strong><em>φέρουσ’</em></strong></span> <span class='ocrx_word' id='word_1_98' title='bbox 495 1760 536 1833; x_wconf 81' lang='grc' dir='ltr'>εἰς</span> <span class='ocrx_word' id='word_1_99' title='bbox 566 1757 619 1822; x_wconf 81' lang='grc' dir='ltr'>τάν</span> <span class='ocrx_word' id='word_1_100' title='bbox 649 1757 772 1840; x_wconf 80' lang='grc' dir='ltr'><strong><em>άρειάν,</em></strong></span> <span class='ocrx_word' id='word_1_101' title='bbox 806 1766 867 1825; x_wconf 90' lang='lat' dir='ltr'>ibd.</span> <span class='ocrx_word' id='word_1_102' title='bbox 893 1767 1059 1824; x_wconf 82' lang='grc' dir='ltr'><strong>753Ν64</strong></span> <span class='ocrx_word' id='word_1_103' title='bbox 1092 1756 1196 1842; x_wconf 83' lang='grc' dir='ltr'><strong><em>άγυρις</em></strong></span> <span class='ocrx_word' id='word_1_104' title='bbox 1216 1754 1363 1822; x_wconf 75' lang='grc' dir='ltr'><em>Ἑλλάνων</em></span> 
     </span>
     <span class='ocr_line' id='line_1_14' title="bbox 335 1859 1363 1945; baseline 0.004 -23"><span class='ocrx_word' id='word_1_105' title='bbox 335 1867 473 1941; x_wconf 75' lang='grc' dir='ltr'><strong><em>στρατιάς</em></strong></span> <span class='ocrx_word' id='word_1_106' title='bbox 490 1880 522 1915; x_wconf 92' lang='grc' dir='ltr'><strong><em>Ν</em></strong></span> <span class='ocrx_word' id='word_1_107' title='bbox 543 1868 642 1942; x_wconf 79' lang='grc' dir='ltr'><strong><em>Τρῶες</em></strong></span> <span class='ocrx_word' id='word_1_108' title='bbox 657 1860 730 1926; x_wconf 81' lang='grc' dir='ltr'><strong><em>ὅταν</em></strong></span> <span class='ocrx_word' id='word_1_109' title='bbox 752 1860 914 1945; x_wconf 72' lang='grc' dir='ltr'><strong><em>χάλκασπις</em></strong></span> <span class='ocrx_word' id='word_1_110' title='bbox 928 1859 1031 1944; x_wconf 68' lang='grc' dir='ltr'><strong><em>Ἄρης.</em></strong></span> <span class='ocrx_word' id='word_1_111' title='bbox 1067 1868 1242 1926; x_wconf 82' lang='lat' dir='ltr'>Addendum</span> <span class='ocrx_word' id='word_1_112' title='bbox 1255 1863 1283 1943; x_wconf 75' lang='lat'>²)</span> <span class='ocrx_word' id='word_1_113' title='bbox 1300 1871 1363 1926; x_wconf 82' lang='lat' dir='ltr'>erut</span> 
     </span>
     <span class='ocr_line' id='line_1_15' title="bbox 339 1963 1363 2048; baseline -0.001 -21"><span class='ocrx_word' id='word_1_114' title='bbox 339 1969 507 2045; x_wconf 88' lang='lat' dir='ltr'>proximum</span> <span class='ocrx_word' id='word_1_115' title='bbox 530 1970 660 2029; x_wconf 77' lang='lat' dir='ltr'>eiusdem</span> <span class='ocrx_word' id='word_1_116' title='bbox 683 1971 801 2031; x_wconf 82' lang='lat' dir='ltr'>fabulee</span> <span class='ocrx_word' id='word_1_117' title='bbox 823 1990 885 2048; x_wconf 87' lang='lat' dir='ltr'>per,</span> <span class='ocrx_word' id='word_1_118' title='bbox 910 1969 969 2029; x_wconf 78' lang='lat'>754</span> <span class='ocrx_word' id='word_1_119' title='bbox 988 1983 1020 2018; x_wconf 92' lang='lat' dir='ltr'>N</span> <span class='ocrx_word' id='word_1_120' title='bbox 1037 1975 1094 2030; x_wconf 83' lang='lat'>65:</span> <span class='ocrx_word' id='word_1_121' title='bbox 1124 1963 1182 2027; x_wconf 81' lang='grc' dir='ltr'>ἀνά</span> <span class='ocrx_word' id='word_1_122' title='bbox 1205 1989 1235 2028; x_wconf 79' lang='grc' dir='ltr'>τε</span> <span class='ocrx_word' id='word_1_123' title='bbox 1257 1965 1363 2028; x_wconf 77' lang='grc' dir='ltr'><strong><em>ναυσὶν</em></strong></span> 
     </span>
     <span class='ocr_line' id='line_1_16' title="bbox 335 2065 1363 2154; baseline 0.002 -24"><span class='ocrx_word' id='word_1_124' title='bbox 335 2068 386 2130; x_wconf 83' lang='grc' dir='ltr'><strong><em>καλ</em></strong></span> <span class='ocrx_word' id='word_1_125' title='bbox 410 2065 466 2130; x_wconf 82' lang='grc' dir='ltr'>σάν</span> <span class='ocrx_word' id='word_1_126' title='bbox 488 2065 593 2141; x_wconf 78' lang='grc' dir='ltr'><strong><em>ὅπλοις</em></strong></span> <span class='ocrx_word' id='word_1_127' title='bbox 610 2085 642 2120; x_wconf 99' lang='grc' dir='ltr'><strong><em>Ν</em></strong></span> <span class='ocrx_word' id='word_1_128' title='bbox 658 2065 780 2142; x_wconf 79' lang='grc' dir='ltr'><strong><em>πόντιος</em></strong></span> <span class='ocrx_word' id='word_1_129' title='bbox 796 2065 977 2154; x_wconf 70' lang='grc' dir='ltr'><strong><em>εὐπρῴροισι</em></strong></span> <span class='ocrx_word' id='word_1_130' title='bbox 992 2067 1125 2142; x_wconf 76' lang='grc' dir='ltr'><strong><em>πλάταις.</em></strong></span> <span class='ocrx_word' id='word_1_131' title='bbox 1155 2076 1206 2132; x_wconf 78' lang='lat' dir='ltr'>An</span> <span class='ocrx_word' id='word_1_132' title='bbox 1221 2075 1286 2146; x_wconf 89' lang='lat' dir='ltr'>hoo,</span> <span class='ocrx_word' id='word_1_133' title='bbox 1302 2094 1363 2132; x_wconf 90' lang='lat' dir='ltr'>nou</span> 
     </span>
     <span class='ocr_line' id='line_1_17' title="bbox 336 2175 1362 2254; baseline 0.001 -21"><span class='ocrx_word' id='word_1_134' title='bbox 336 2175 410 2235; x_wconf 93' lang='lat' dir='ltr'>illud</span> <span class='ocrx_word' id='word_1_135' title='bbox 433 2177 553 2235; x_wconf 79' lang='lat' dir='ltr'>laudere</span> <span class='ocrx_word' id='word_1_136' title='bbox 575 2176 672 2237; x_wconf 86' lang='lat' dir='ltr'>voluit</span> <span class='ocrx_word' id='word_1_137' title='bbox 693 2176 856 2249; x_wconf 76' lang='lat' dir='ltr'>Christius‚</span> <span class='ocrx_word' id='word_1_138' title='bbox 893 2176 991 2251; x_wconf 79' lang='grc' dir='ltr'><strong><em>Τρῶες</em></strong></span> <span class='ocrx_word' id='word_1_139' title='bbox 1012 2177 1189 2235; x_wconf 76' lang='lat' dir='ltr'>vocabulum</span> <span class='ocrx_word' id='word_1_140' title='bbox 1213 2177 1253 2254; x_wconf 88' lang='lat' dir='ltr'>(v.</span> <span class='ocrx_word' id='word_1_141' title='bbox 1278 2176 1362 2254; x_wconf 88' lang='grc'><strong>764),</strong></span> 
     </span>
     <span class='ocr_line' id='line_1_18' title="bbox 332 2277 1363 2358; baseline 0.003 -23"><span class='ocrx_word' id='word_1_142' title='bbox 332 2283 367 2338; x_wconf 89' lang='lat' dir='ltr'>ut</span> <span class='ocrx_word' id='word_1_143' title='bbox 384 2277 573 2351; x_wconf 77' lang='lat' dir='ltr'>Schmidtiue‚</span> <span class='ocrx_word' id='word_1_144' title='bbox 596 2279 719 2339; x_wconf 88' lang='lat' dir='ltr'>bibreve</span> <span class='ocrx_word' id='word_1_145' title='bbox 741 2278 938 2354; x_wconf 75' lang='lat' dir='ltr'>intellegent?</span> <span class='ocrx_word' id='word_1_146' title='bbox 969 2279 1110 2338; x_wconf 73' lang='lat' dir='ltr'>conferes</span> <span class='ocrx_word' id='word_1_147' title='bbox 1133 2297 1209 2358; x_wconf 78' lang='lat' dir='ltr'>quae</span> <span class='ocrx_word' id='word_1_148' title='bbox 1225 2279 1363 2339; x_wconf 82' lang='lat' dir='ltr'>disseruit</span> 
     </span>
     <span class='ocr_line' id='line_1_19' title="bbox 332 2380 1359 2462; baseline 0.001 -23"><span class='ocrx_word' id='word_1_149' title='bbox 332 2381 365 2460; x_wconf 90' lang='lat' dir='ltr'>(l.</span> <span class='ocrx_word' id='word_1_150' title='bbox 380 2380 399 2439; x_wconf 95' lang='lat' dir='ltr'>l.</span> <span class='ocrx_word' id='word_1_151' title='bbox 415 2402 443 2459; x_wconf 85' lang='lat' dir='ltr'>p.</span> <span class='ocrx_word' id='word_1_152' title='bbox 461 2386 500 2439; x_wconf 77' lang='grc'>26</span> <span class='ocrx_word' id='word_1_153' title='bbox 518 2381 575 2462; x_wconf 85' lang='lat' dir='ltr'>eq.)</span> <span class='ocrx_word' id='word_1_154' title='bbox 599 2384 634 2440; x_wconf 94' lang='lat' dir='ltr'>de</span> <span class='ocrx_word' id='word_1_155' title='bbox 657 2383 845 2460; x_wconf 85' lang='lat' dir='ltr'>eorreptione</span> <span class='ocrx_word' id='word_1_156' title='bbox 861 2382 1039 2458; x_wconf 87' lang='lat' dir='ltr'>diphthongi</span> <span class='ocrx_word' id='word_1_157' title='bbox 1054 2382 1102 2442; x_wconf 88' lang='lat' dir='ltr'>vel</span> <span class='ocrx_word' id='word_1_158' title='bbox 1121 2381 1238 2441; x_wconf 81' lang='lat' dir='ltr'>litterae</span> <span class='ocrx_word' id='word_1_159' title='bbox 1254 2382 1359 2457; x_wconf 83' lang='lat' dir='ltr'>longae</span> 
     </span>
    </p>
   </div>
   <div class='ocr_carea' id='block_1_3' title="bbox 332 2474 1360 2568">
    <p class='ocr_par' dir='ltr' id='par_1_3' title="bbox 332 2474 1360 2568">
     <span class='ocr_line' id='line_1_20' title="bbox 332 2474 1360 2568; baseline 0.001 -25"><span class='ocrx_word' id='word_1_160' title='bbox 332 2484 364 2544; x_wconf 92' lang='lat' dir='ltr'>in</span> <span class='ocrx_word' id='word_1_161' title='bbox 380 2485 477 2544; x_wconf 84' lang='lat' dir='ltr'>medie</span> <span class='ocrx_word' id='word_1_162' title='bbox 491 2504 564 2545; x_wconf 83' lang='lat' dir='ltr'>voee</span> <span class='ocrx_word' id='word_1_163' title='bbox 578 2490 648 2545; x_wconf 83' lang='lat' dir='ltr'>ente</span> <span class='ocrx_word' id='word_1_164' title='bbox 664 2483 796 2544; x_wconf 80' lang='lat' dir='ltr'>vooulem</span> <span class='ocrx_word' id='word_1_165' title='bbox 811 2485 942 2564; x_wconf 80' lang='lat' dir='ltr'>poeitae:</span> <span class='ocrx_word' id='word_1_166' title='bbox 969 2531 990 2568; x_wconf 72' lang='lat'>«¹</span> <span class='ocrx_word' id='word_1_167' title='bbox 1008 2529 1014 2541; x_wconf 92' lang='lat'><em>.</em></span> <span class='ocrx_word' id='word_1_168' title='bbox 1031 2530 1038 2545; x_wconf 92' lang='lat'><strong><em>.</em></strong></span> <span class='ocrx_word' id='word_1_169' title='bbox 1054 2474 1135 2548; x_wconf 76' lang='lat' dir='ltr'>Uber</span> <span class='ocrx_word' id='word_1_170' title='bbox 1152 2485 1232 2544; x_wconf 78' lang='lat' dir='ltr'>diere</span> <span class='ocrx_word' id='word_1_171' title='bbox 1246 2486 1360 2546; x_wconf 83' lang='lat' dir='ltr'>Greuze</span> 
     </span>
    </p>
   </div>
   <div class='ocr_carea' id='block_1_4' title="bbox 332 2587 1360 3597">
    <p class='ocr_par' dir='ltr' id='par_1_4' title="bbox 332 2587 1359 2768">
     <span class='ocr_line' id='line_1_21' title="bbox 332 2587 1359 2666; baseline -0.002 -19"><span class='ocrx_word' id='word_1_172' title='bbox 332 2587 439 2647; x_wconf 82' lang='lat' dir='ltr'>hineue</span> <span class='ocrx_word' id='word_1_173' title='bbox 460 2589 642 2648; x_wconf 83' lang='lat' dir='ltr'>verkiirzten</span> <span class='ocrx_word' id='word_1_174' title='bbox 662 2589 777 2647; x_wconf 88' lang='lat' dir='ltr'>Homer</span> <span class='ocrx_word' id='word_1_175' title='bbox 797 2588 859 2647; x_wconf 90' lang='lat' dir='ltr'>und</span> <span class='ocrx_word' id='word_1_176' title='bbox 873 2588 986 2646; x_wconf 83' lang='lat' dir='ltr'>Pinder</span> <span class='ocrx_word' id='word_1_177' title='bbox 1000 2588 1048 2646; x_wconf 92' lang='lat' dir='ltr'>die</span> <span class='ocrx_word' id='word_1_178' title='bbox 1070 2587 1176 2648; x_wconf 83' lang='lat' dir='ltr'>uweite</span> <span class='ocrx_word' id='word_1_179' title='bbox 1191 2587 1282 2666; x_wconf 82' lang='lat' dir='ltr'>Sylbe</span> <span class='ocrx_word' id='word_1_180' title='bbox 1300 2607 1359 2648; x_wconf 90' lang='lat' dir='ltr'>von</span> 
     </span>
     <span class='ocr_line' id='line_1_22' title="bbox 332 2682 511 2768; baseline 0.006 -1"><span class='ocrx_word' id='word_1_181' title='bbox 332 2682 429 2768; x_wconf 68' lang='grc' dir='ltr'><strong><em>ἥρωες</em></strong></span> <span class='ocrx_word' id='word_1_182' title='bbox 444 2737 451 2753; x_wconf 89' lang='lat'><strong>·</strong></span> <span class='ocrx_word' id='word_1_183' title='bbox 467 2737 474 2750; x_wconf 89' lang='lat'><strong>·</strong></span> <span class='ocrx_word' id='word_1_184' title='bbox 491 2683 511 2750; x_wconf 91' lang='lat'>·’</span> 
     </span>
    </p>

    <p class='ocr_par' dir='ltr' id='par_1_5' title="bbox 333 2792 1360 3283">
     <span class='ocr_line' id='line_1_23' title="bbox 420 2792 1360 2874; baseline -0.005 -17"><span class='ocrx_word' id='word_1_185' title='bbox 420 2793 605 2874; x_wconf 73' lang='lat' dir='ltr'>Quemquam</span> <span class='ocrx_word' id='word_1_186' title='bbox 628 2798 675 2853; x_wconf 80' lang='lat' dir='ltr'>set</span> <span class='ocrx_word' id='word_1_187' title='bbox 697 2812 803 2869; x_wconf 82' lang='lat' dir='ltr'>magne</span> <span class='ocrx_word' id='word_1_188' title='bbox 824 2798 917 2852; x_wconf 78' lang='lat' dir='ltr'>restat</span> <span class='ocrx_word' id='word_1_189' title='bbox 939 2792 1095 2866; x_wconf 79' lang='lat' dir='ltr'>dubitatio,</span> <span class='ocrx_word' id='word_1_190' title='bbox 1117 2812 1188 2851; x_wconf 92' lang='lat' dir='ltr'>uum</span> <span class='ocrx_word' id='word_1_191' title='bbox 1207 2793 1360 2869; x_wconf 84' lang='lat' dir='ltr'>Euripidis</span> 
     </span>
     <span class='ocr_line' id='line_1_24' title="bbox 335 2895 1359 2972; baseline -0.003 -17"><span class='ocrx_word' id='word_1_192' title='bbox 335 2897 448 2956; x_wconf 89' lang='lat' dir='ltr'>nomini</span> <span class='ocrx_word' id='word_1_193' title='bbox 470 2897 637 2957; x_wconf 79' lang='lat' dir='ltr'>adsoribere</span> <span class='ocrx_word' id='word_1_194' title='bbox 660 2896 748 2956; x_wconf 84' lang='lat' dir='ltr'>lioeet</span> <span class='ocrx_word' id='word_1_195' title='bbox 770 2896 986 2972; x_wconf 85' lang='lat' dir='ltr'>eorreptionem</span> <span class='ocrx_word' id='word_1_196' title='bbox 1003 2895 1082 2954; x_wconf 82' lang='lat' dir='ltr'>illam</span> <span class='ocrx_word' id='word_1_197' title='bbox 1098 2895 1234 2956; x_wconf 82' lang='lat' dir='ltr'>voeabuli</span> <span class='ocrx_word' id='word_1_198' title='bbox 1253 2895 1359 2970; x_wconf 77' lang='grc' dir='ltr'>Τρῶες,</span> 
     </span>
     <span class='ocr_line' id='line_1_25' title="bbox 334 2988 1360 3078; baseline -0.002 -22"><span class='ocrx_word' id='word_1_199' title='bbox 334 3017 431 3078; x_wconf 89' lang='lat' dir='ltr'>neque</span> <span class='ocrx_word' id='word_1_200' title='bbox 460 3019 532 3058; x_wconf 86' lang='lat' dir='ltr'>voro</span> <span class='ocrx_word' id='word_1_201' title='bbox 563 2998 709 3058; x_wconf 71' lang='lat' dir='ltr'>christine</span> <span class='ocrx_word' id='word_1_202' title='bbox 730 2999 794 3076; x_wconf 84' lang='lat' dir='ltr'>ipse</span> <span class='ocrx_word' id='word_1_203' title='bbox 817 2999 890 3058; x_wconf 83' lang='lat' dir='ltr'>Heu.</span> <span class='ocrx_word' id='word_1_204' title='bbox 914 3003 974 3057; x_wconf 85' lang='lat'>913</span> <span class='ocrx_word' id='word_1_205' title='bbox 991 3011 1023 3045; x_wconf 95' lang='grc' dir='ltr'><strong><em>Ν</em></strong></span> <span class='ocrx_word' id='word_1_206' title='bbox 1041 3003 1096 3058; x_wconf 76' lang='lat'>22:</span> <span class='ocrx_word' id='word_1_207' title='bbox 1121 2988 1234 3055; x_wconf 80' lang='grc' dir='ltr'><strong><em>τάλαιν’</em></strong></span> <span class='ocrx_word' id='word_1_208' title='bbox 1262 2989 1360 3056; x_wconf 74' lang='grc' dir='ltr'><strong><em>οὐκέτι</em></strong></span> 
     </span>
     <span class='ocr_line' id='line_1_26' title="bbox 334 3091 1358 3179; baseline -0.001 -18"><span class='ocrx_word' id='word_1_209' title='bbox 334 3092 367 3160; x_wconf 77' lang='grc' dir='ltr'><strong><em>α’</em></strong></span> <span class='ocrx_word' id='word_1_210' title='bbox 390 3095 561 3178; x_wconf 76' lang='grc' dir='ltr'><strong><em>ἕμβατεάσω</em></strong></span> <span class='ocrx_word' id='word_1_211' title='bbox 578 3115 611 3149; x_wconf 95' lang='lat' dir='ltr'>N</span> <span class='ocrx_word' id='word_1_212' title='bbox 631 3099 740 3179; x_wconf 76' lang='grc' dir='ltr'><strong><em>Τροίαν</em></strong></span> <span class='ocrx_word' id='word_1_213' title='bbox 759 3091 864 3160; x_wconf 71' lang='lat' dir='ltr'>’trade’</span> <span class='ocrx_word' id='word_1_214' title='bbox 883 3097 1045 3177; x_wconf 77' lang='grc' dir='ltr'><strong><em>ἕμβεβῶτα,</em></strong></span> <span class='ocrx_word' id='word_1_215' title='bbox 1062 3100 1113 3159; x_wconf 92' lang='lat' dir='ltr'>ubi</span> <span class='ocrx_word' id='word_1_216' title='bbox 1133 3100 1242 3175; x_wconf 76' lang='grc' dir='ltr'><strong><em>Τροίαν</em></strong></span> <span class='ocrx_word' id='word_1_217' title='bbox 1257 3121 1358 3162; x_wconf 83' lang='lat' dir='ltr'>vocem</span> 
     </span>
     <span class='ocr_line' id='line_1_27' title="bbox 333 3189 1359 3283; baseline 0 -21"><span class='ocrx_word' id='word_1_218' title='bbox 333 3206 426 3264; x_wconf 90' lang='lat' dir='ltr'>multo</span> <span class='ocrx_word' id='word_1_219' title='bbox 441 3205 558 3264; x_wconf 85' lang='lat' dir='ltr'>feeiliue</span> <span class='ocrx_word' id='word_1_220' title='bbox 574 3210 739 3283; x_wconf 74' lang='lat' dir='ltr'>correptum</span> <span class='ocrx_word' id='word_1_221' title='bbox 755 3205 893 3276; x_wconf 81' lang='lat' dir='ltr'>feramus,</span> <span class='ocrx_word' id='word_1_222' title='bbox 910 3189 1075 3281; x_wconf 77' lang='lat' dir='ltr'>eorreptuin</span> <span class='ocrx_word' id='word_1_223' title='bbox 1091 3203 1206 3280; x_wconf 88' lang='lat' dir='ltr'>aooepit</span> <span class='ocrx_word' id='word_1_224' title='bbox 1221 3205 1262 3280; x_wconf 81' lang='lat' dir='ltr'>(p.</span> <span class='ocrx_word' id='word_1_225' title='bbox 1276 3201 1359 3279; x_wconf 83' lang='lat'>521).</span> 
     </span>
    </p>

    <p class='ocr_par' dir='ltr' id='par_1_6' title="bbox 332 3306 1359 3597">
     <span class='ocr_line' id='line_1_28' title="bbox 418 3306 1359 3383; baseline -0.001 -17"><span class='ocrx_word' id='word_1_226' title='bbox 418 3309 475 3366; x_wconf 83' lang='lat' dir='ltr'>Sed</span> <span class='ocrx_word' id='word_1_227' title='bbox 502 3309 601 3383; x_wconf 79' lang='grc' dir='ltr'><strong><em>Τρῶες</em></strong></span> <span class='ocrx_word' id='word_1_228' title='bbox 630 3308 810 3368; x_wconf 80' lang='lat' dir='ltr'>vocabulum</span> <span class='ocrx_word' id='word_1_229' title='bbox 839 3307 888 3367; x_wconf 89' lang='lat' dir='ltr'>vel</span> <span class='ocrx_word' id='word_1_230' title='bbox 917 3325 971 3383; x_wconf 81' lang='lat' dir='ltr'>per</span> <span class='ocrx_word' id='word_1_231' title='bbox 1001 3326 1032 3366; x_wconf 85' lang='lat' dir='ltr'>se</span> <span class='ocrx_word' id='word_1_232' title='bbox 1055 3306 1216 3383; x_wconf 82' lang='lat' dir='ltr'>euspioioui</span> <span class='ocrx_word' id='word_1_233' title='bbox 1240 3314 1286 3366; x_wconf 85' lang='lat' dir='ltr'>est</span> <span class='ocrx_word' id='word_1_234' title='bbox 1308 3309 1359 3365; x_wconf 94' lang='lat' dir='ltr'>ob·</span> 
     </span>
     <span class='ocr_line' id='line_1_29' title="bbox 332 3408 1358 3487; baseline 0 -20"><span class='ocrx_word' id='word_1_235' title='bbox 332 3409 464 3470; x_wconf 89' lang='lat' dir='ltr'>noxium.</span> <span class='ocrx_word' id='word_1_236' title='bbox 488 3408 671 3470; x_wconf 82' lang='lat' dir='ltr'>Fritusohiue</span> <span class='ocrx_word' id='word_1_237' title='bbox 687 3411 774 3484; x_wconf 89' lang='lat' dir='ltr'>enim,</span> <span class='ocrx_word' id='word_1_238' title='bbox 790 3411 847 3470; x_wconf 89' lang='lat' dir='ltr'>hoo</span> <span class='ocrx_word' id='word_1_239' title='bbox 857 3409 1010 3487; x_wconf 85' lang='lat' dir='ltr'>proposito</span> <span class='ocrx_word' id='word_1_240' title='bbox 1027 3409 1191 3469; x_wconf 77' lang='lat' dir='ltr'>schemate:</span> <span class='ocrx_word' id='word_1_241' title='bbox 1205 3409 1305 3469; x_wconf 68' lang='grc' dir='ltr'>ἑυυ.</span> <span class='ocrx_word' id='word_1_242' title='bbox 1316 3453 1323 3468; x_wconf 94' lang='grc'><strong><em>.</em></strong></span> <span class='ocrx_word' id='word_1_243' title='bbox 1334 3453 1358 3481; x_wconf 92' lang='grc'>.,</span> 
     </span>
     <span class='ocr_line' id='line_1_30' title="bbox 333 3508 1359 3597; baseline 0 -27"><span class='ocrx_word' id='word_1_244' title='bbox 333 3512 414 3572; x_wconf 82' lang='lat' dir='ltr'>addit</span> <span class='ocrx_word' id='word_1_245' title='bbox 445 3510 565 3590; x_wconf 82' lang='lat' dir='ltr'>(Philoh</span> <span class='ocrx_word' id='word_1_246' title='bbox 589 3513 647 3573; x_wconf 83' lang='lat' dir='ltr'>vol.</span> <span class='ocrx_word' id='word_1_247' title='bbox 671 3512 735 3572; x_wconf 89' lang='lat' dir='ltr'>XII</span> <span class='ocrx_word' id='word_1_248' title='bbox 757 3532 786 3588; x_wconf 88' lang='lat' dir='ltr'>p.</span> <span class='ocrx_word' id='word_1_249' title='bbox 812 3508 881 3586; x_wconf 88' lang='lat' dir='ltr'>e1):</span> <span class='ocrx_word' id='word_1_250' title='bbox 914 3510 1034 3597; x_wconf 71' lang='grc' dir='ltr'>ιΤρῶες</span> <span class='ocrx_word' id='word_1_251' title='bbox 1056 3531 1116 3570; x_wconf 91' lang='lat' dir='ltr'>non</span> <span class='ocrx_word' id='word_1_252' title='bbox 1148 3511 1234 3571; x_wconf 89' lang='lat' dir='ltr'>metri</span> <span class='ocrx_word' id='word_1_253' title='bbox 1264 3531 1359 3584; x_wconf 75' lang='lat' dir='ltr'>oense,</span> 
     </span>
    </p>
   </div>
   <div class='ocr_carea' id='block_1_5' title="bbox 332 3708 1359 4211">
    <p class='ocr_par' dir='ltr' id='par_1_7' title="bbox 332 3708 1359 4211">
     <span class='ocr_line' id='line_1_31' title="bbox 404 3708 1106 3782; baseline -0.004 -17"><span class='ocrx_word' id='word_1_254' title='bbox 404 3717 428 3781; x_wconf 81' lang='grc' dir='ltr'>ι)</span> <span class='ocrx_word' id='word_1_255' title='bbox 447 3714 570 3782; x_wconf 81' lang='grc' dir='ltr'><strong><em>μαιιολῶι</em></strong></span> <span class='ocrx_word' id='word_1_256' title='bbox 588 3717 683 3765; x_wconf 78' lang='lat' dir='ltr'>Nauck.</span> <span class='ocrx_word' id='word_1_257' title='bbox 702 3716 743 3780; x_wconf 80' lang='lat' dir='ltr'>(ot.</span> <span class='ocrx_word' id='word_1_258' title='bbox 762 3731 786 3776; x_wconf 86' lang='lat' dir='ltr'>p.</span> <span class='ocrx_word' id='word_1_259' title='bbox 805 3719 837 3764; x_wconf 72' lang='grc' dir='ltr'>αι</span> <span class='ocrx_word' id='word_1_260' title='bbox 857 3716 890 3762; x_wconf 78' lang='lat' dir='ltr'>ud</span> <span class='ocrx_word' id='word_1_261' title='bbox 908 3713 944 3782; x_wconf 80' lang='grc'>3)]</span> <span class='ocrx_word' id='word_1_262' title='bbox 965 3708 1106 3780; x_wconf 77' lang='grc' dir='ltr'><strong><em>μαινόμει’.</em></strong></span> 
     </span>
     <span class='ocr_line' id='line_1_32' title="bbox 403 3801 1358 3867; baseline -0.001 -16"><span class='ocrx_word' id='word_1_263' title='bbox 403 3801 428 3867; x_wconf 74' lang='lat'>2)</span> <span class='ocrx_word' id='word_1_264' title='bbox 447 3804 591 3851; x_wconf 81' lang='lat' dir='ltr'>Extremum</span> <span class='ocrx_word' id='word_1_265' title='bbox 612 3804 678 3862; x_wconf 85' lang='lat' dir='ltr'>quod</span> <span class='ocrx_word' id='word_1_266' title='bbox 699 3802 822 3850; x_wconf 84' lang='lat' dir='ltr'>Christius</span> <span class='ocrx_word' id='word_1_267' title='bbox 848 3807 976 3850; x_wconf 80' lang='lat' dir='ltr'>enumeret</span> <span class='ocrx_word' id='word_1_268' title='bbox 1000 3802 1154 3862; x_wconf 85' lang='lat' dir='ltr'>exemplum,</span> <span class='ocrx_word' id='word_1_269' title='bbox 1179 3816 1256 3849; x_wconf 81' lang='lat' dir='ltr'>cerm.</span> <span class='ocrx_word' id='word_1_270' title='bbox 1273 3803 1358 3863; x_wconf 85' lang='lat' dir='ltr'>popul.</span> 
     </span>
     <span class='ocr_line' id='line_1_33' title="bbox 332 3888 1359 3951; baseline -0.001 -14"><span class='ocrx_word' id='word_1_271' title='bbox 332 3905 356 3937; x_wconf 88' lang='lat' dir='ltr'>n.</span> <span class='ocrx_word' id='word_1_272' title='bbox 375 3893 418 3949; x_wconf 76' lang='lat' dir='ltr'>tt,</span> <span class='ocrx_word' id='word_1_273' title='bbox 436 3905 485 3938; x_wconf 90' lang='lat' dir='ltr'>nou</span> <span class='ocrx_word' id='word_1_274' title='bbox 503 3889 627 3951; x_wconf 83' lang='lat' dir='ltr'>perspicio</span> <span class='ocrx_word' id='word_1_275' title='bbox 643 3888 701 3949; x_wconf 87' lang='lat' dir='ltr'>quid</span> <span class='ocrx_word' id='word_1_276' title='bbox 715 3889 799 3935; x_wconf 76' lang='lat' dir='ltr'>velent</span> <span class='ocrx_word' id='word_1_277' title='bbox 815 3888 847 3935; x_wconf 79' lang='lat' dir='ltr'>nd</span> <span class='ocrx_word' id='word_1_278' title='bbox 861 3892 970 3936; x_wconf 72' lang='lat' dir='ltr'>nostrum</span> <span class='ocrx_word' id='word_1_279' title='bbox 988 3903 1048 3945; x_wconf 87' lang='lat' dir='ltr'>rem,</span> <span class='ocrx_word' id='word_1_280' title='bbox 1067 3903 1112 3934; x_wconf 84' lang='lat' dir='ltr'>neo</span> <span class='ocrx_word' id='word_1_281' title='bbox 1126 3893 1193 3936; x_wconf 72' lang='lat' dir='ltr'>earet</span> <span class='ocrx_word' id='word_1_282' title='bbox 1207 3888 1359 3936; x_wconf 68' lang='lat' dir='ltr'>dubitatione</span> 
     </span>
     <span class='ocr_line' id='line_1_34' title="bbox 332 3972 1002 4039; baseline -0.004 -17"><span class='ocrx_word' id='word_1_283' title='bbox 332 3974 375 4039; x_wconf 80' lang='lat' dir='ltr'>(oi.</span> <span class='ocrx_word' id='word_1_284' title='bbox 392 3977 452 4024; x_wconf 86' lang='lat' dir='ltr'>Poe.</span> <span class='ocrx_word' id='word_1_285' title='bbox 472 3976 520 4036; x_wconf 82' lang='lat' dir='ltr'>lyr.</span> <span class='ocrx_word' id='word_1_286' title='bbox 538 3990 573 4034; x_wconf 82' lang='lat' dir='ltr'>gr.</span> <span class='ocrx_word' id='word_1_287' title='bbox 592 3989 641 4022; x_wconf 87' lang='lat' dir='ltr'>reo.</span> <span class='ocrx_word' id='word_1_288' title='bbox 660 3974 752 4034; x_wconf 75' lang='lat' dir='ltr'>Bergk.</span> <span class='ocrx_word' id='word_1_289' title='bbox 771 3974 860 4022; x_wconf 75' lang='lat'>18824</span> <span class='ocrx_word' id='word_1_290' title='bbox 881 3989 906 4034; x_wconf 89' lang='lat' dir='ltr'>p.</span> <span class='ocrx_word' id='word_1_291' title='bbox 925 3972 1002 4036; x_wconf 76' lang='lat' dir='ltr'>tte):</span> 
     </span>
     <span class='ocr_line' id='line_1_35' title="bbox 435 4052 1068 4125; baseline -0.003 -15"><span class='ocrx_word' id='word_1_292' title='bbox 435 4057 510 4120; x_wconf 79' lang='grc' dir='ltr'><strong><em>Δέξαι</em></strong></span> <span class='ocrx_word' id='word_1_293' title='bbox 527 4055 572 4110; x_wconf 84' lang='grc' dir='ltr'>τάν</span> <span class='ocrx_word' id='word_1_294' title='bbox 590 4054 689 4123; x_wconf 63' lang='grc' dir='ltr'><strong><em>ἀγαθάν</em></strong></span> <span class='ocrx_word' id='word_1_295' title='bbox 707 4052 794 4125; x_wconf 79' lang='grc' dir='ltr'><strong><em>τύχαι,</em></strong></span> <span class='ocrx_word' id='word_1_296' title='bbox 812 4055 884 4118; x_wconf 78' lang='grc' dir='ltr'><strong><em>δέξαι</em></strong></span> <span class='ocrx_word' id='word_1_297' title='bbox 900 4054 945 4109; x_wconf 79' lang='grc' dir='ltr'>τὰν</span> <span class='ocrx_word' id='word_1_298' title='bbox 964 4053 1068 4124; x_wconf 64' lang='lat' dir='ltr'>drittun,</span> 
     </span>
     <span class='ocr_line' id='line_1_36' title="bbox 435 4135 1149 4211; baseline 0 -15"><span class='ocrx_word' id='word_1_299' title='bbox 435 4136 466 4196; x_wconf 75' lang='lat' dir='ltr'>tv</span> <span class='ocrx_word' id='word_1_300' title='bbox 485 4142 593 4211; x_wconf 78' lang='grc' dir='ltr'><strong>φέρομεν</strong></span> <span class='ocrx_word' id='word_1_301' title='bbox 611 4140 679 4210; x_wconf 74' lang='grc' dir='ltr'><strong><em>παρὰ</em></strong></span> <span class='ocrx_word' id='word_1_302' title='bbox 697 4142 745 4203; x_wconf 87' lang='grc' dir='ltr'>τᾶς</span> <span class='ocrx_word' id='word_1_303' title='bbox 763 4142 834 4207; x_wconf 63' lang='grc' dir='ltr'><strong>θεοῦ,</strong></span> <span class='ocrx_word' id='word_1_304' title='bbox 852 4135 882 4196; x_wconf 76' lang='grc' dir='ltr'>ἃν</span> <span class='ocrx_word' id='word_1_305' title='bbox 901 4140 1058 4196; x_wconf 77' lang='grc' dir='ltr'><strong><em>ἐκαλέσσατο</em></strong></span> <span class='ocrx_word' id='word_1_306' title='bbox 1075 4139 1149 4208; x_wconf 73' lang='grc' dir='ltr'><strong><em>τῆνα.</em></strong></span> 
     </span>
    </p>
   </div>
   <div class='ocr_carea' id='block_1_6' title="bbox 0 0 1596 4916">
    <p class='ocr_par' dir='ltr' id='par_1_8' title="bbox 0 0 1596 4916">
     <span class='ocr_line' id='line_1_37' title="bbox 0 0 1596 4916; baseline 0 0"><span class='ocrx_word' id='word_1_307' title='bbox 0 0 1596 4916; x_wconf 95' lang='lat' dir='ltr'> </span> 
     </span>
    </p>
   </div>
  </div>
 </body>
</html>
